3275 2500
629.0 388.0 936.0 73.0 tum ualebant securitates factae per Priorem. et fratres praedi

629.0 454.0 933.0 66.0 catores. Nota, quod praedicta Consilia teneor, et debeo sicut

622 508 378 62 continentur obseruare.

702 566 768 61 De faciendo uẽdere bona mobilia defunctorum.

794.0 679.0 751.0 69.0 lllesimo Ducentesimo Octuagesimo quarto. Die

886 629 350 61 Capitulum .xxxuj.

797.0 741.0 772.0 70.0 quintodecimo lunij. Capta fuit pars, quod adda:

619.0 855.0 944.0 71.0 quod omnia mobilia defunctorũ. quae ad manus eoꝵ deue:

791.0 800.0 774.0 59.0 tur in Capitulari Procuratorũ Cõmissariarum

620.0 918.0 936.0 65.0 nerint, debeant uendi per incantum uel per missetam. uel

618.0 970.0 941.0 73.0 aliter sicut eis melius uidebitur sicut faciũt de mercationi:

619.0 1026.0 261.0 71.0 bus defunctoꝵ.

694 1090 806 68 De his qui reliquerint nos Commissarios suos de

762 1147 676 72 ficientibus suis prioribus Commissarijs.

787.0 1259.0 776.0 77.0 Tem si aliqua persona reliquerit suum Commissa:

883 1209 393 63 Capitulum .xxxuij.

616 1381 935 64 deficientibus ipso Commissario, uel Commissa:

786.0 1327.0 757.0 54.0 rium uel Commissarios, cum conditione, quod

612.0 1433.0 946.0 76.0 rijs. Ego et socii mei sumus sui Cõmissarij. et isti tales Cõ:

611.0 1494.0 933.0 65.0 missarij non intromiserint dictas Commissarias. Teneor

608.0 1554.0 950.0 68.0 cum socijs meis huiusmodi Commissarias intromittere si:

606.0 1613.0 931.0 67.0 cut teneor alias Commissarias. Et hoc intelligatur, et

606.0 1669.0 945.0 81.0 obseruetur tam de Commissariis relictis modo simili, qua

608.0 1730.0 639.0 93.0 de illis. quae in posterum relinquentur.

643 654 121 208 M

643 1243 150 90 I

1848 388 800 70 De faciendo rationem de omnibus, quae peruenerĩt

1909 455 717 60 ad manus alioꝵ Procuratoꝵ Capitulũ .xxxuiij.

1944.0 509.0 779.0 77.0 Tem teneor, et debeo cum socijs meis accipere, et

1948.0 572.0 757.0 66.0 facere rationem omni anno de omnibus his :

1779.0 684.0 941.0 71.0 torum occasione tutoriarum. et furnitionum Commissa:

1945.0 631.0 774.0 66.0 quae peruenerint ad manus aliorum Procura:

1777.0 743.0 682.0 66.0 riarum si ab eis inde fuerimus requisiti.

1837 854 794 72 De possendo uti pecunia relicta alicui, uel aliꝗbus

1918 916 600 60 personis. Capitulum. xxxix.

1944.0 968.0 768.0 77.0 Tem si aliquis defunctus, qui reliquerit nos suos

1945.0 1034.0 770.0 68.0 Cõmissarios reliquerit alicui, uel aliquibus per

1772.0 1151.0 941.0 69.0 specificauerit utrum possimus illa pecunia uti, uel uti fa:

1941.0 1093.0 777.0 69.0 sonis pecuniam standam in manibus nostris, nec

1770.0 1209.0 945.0 71.0 cere, uel non. Nos cum uoluntate socij. uel socioꝵ nostroꝵ

1769.0 1263.0 940.0 73.0 si eos habebimus, possimus dicta pecunia uti, et facere uti

1769.0 1322.0 943.0 68.0 in Uenetijs tantum ad periculũ, et utilitatem illorum, ad

1769.0 1380.0 931.0 70.0 quos ipsa pecunia spectabit. Et hoc intelligatur tam de

1768.0 1433.0 955.0 79.0 testamentis factis hinc retro, quam de illis, quae de caetero fi:

1770.0 1498.0 78.0 49.0 ent.

1851 1547 778 76 De saluando exempla Inuentarioꝵ factorum

1931.0 1656.0 767.0 84.0 Tem teneor cum socijs meis recipere, et saluare

2043 1613 315 57 Capitulum. xL.

1929.0 1727.0 772.0 93.0 exempla Inuentarioꝵ factorum de bonis pupil:

1806 483 102 210 I

1793 956 123 196 I

1781 1591 133 219 I

2684.0 344.0 31.0 65.0 .11.
