3275 2500
570 384 936 78 mini. In festiuitatibus Sancti Marci. In festiuitatibus Sã:

569 452 926 67 ctae Mariae. In die louis Carnis priuij. Iouis Sancti et

568 504 929 68 Ueueris Sancti non teneor sedere poti Nonam ad tabu:

569 568 918 65 lam si uenerint in diebus Martis. et Iouis Et saluo si

569 627 919 70 uocatus essem in dictis diebus pro factis mei officij: per

570 686 589 55 aliquam Curiam debeo ire. et caets.

643 805 791 60 Quod non possit poni aliqua pars in maiori Con:

688 859 698 64 silio de facto Procuratoꝵ, nisi unus nostrum ad

731 916 592 63 minus in eodem fuerit uocatus

733 1026 768 75 Uxta sanctionem a maiori Consilio olim in Mil:

826 975 342 62 Capitulum .xxxij.

730 1090 756 68 lesimo. Ducentesimo. Quinquagesimo octauo.

563 1206 931 67 Seprembris conditam ordinatũ extitit. Quod Dñs Dux.

729 1150 766 66 Indictione secunda. Septimo die exeuntis mensis

565 1268 929 65 et sui Consiliarii non debeant ponere aliquam partem in

562 1325 932 61 maiori Consilio de facto Procuratorum Sancti Marci pro

559 1384 931 67 Procuratia. nisi erit unus Procurator ad minus in ipso ꝯsilio.

637 1493 771 63 De ueniendo ad Dominum Ducem, eo uolente.

827 1559 353 59 Capitulum .xxxiij.

723 1609 772 71 Tem obseruabo formam Consilii capti in Mille:

730 1673 765 67 simo. Ducentesimo. Sexagesimo quinto. Indictio:

726 1733 769 92 ne octaua. Die septimo intrante lunio Capta fu:

577 1012 120 204 I

566 1589 125 215 I

1697 384 933 82 it pars, et ordinatum. quod in omni Capitulari officialius

1697 452 937 70 ponatur. quod quandocunque Dominus Dux pro eis mi:

1695 512 888 74 serit sint studiosi ueniendi ad eum quamcito poterunt.

1768 615 801 80 Quod denarij de dimissoria .q. D. Bartholomei Ba

1830 681 678 67 rozi deueniant in .D. Franciscum Georgiũ.

1852 791 781 74 Illesimo. Ducentesimo. Octuagesimo secundo.

1880 745 522 50 et caets. Capitulum .xxxiiij.

1856 852 777 68 Indictione undecima. Die duodecimo Septẽbris.

1698 970 942 71 fratres praedicatores de dimissoria Domini Bartholomei

1847 915 787 68 Capta fuit pars. quod denarij. qui ueniebãt ad

1695 1031 930 73 Barozi. qui sunt librae quinquaginta aunuatim. debeant

1700 1094 936 60 deuenire in Dominos Franciscum. Iacobum. et Philippũ.

1700 1151 938 64 Georgio. et in haeredes quondam Domini Martini Iusti:

1695 1211 923 58 niano, cum ipsi emerint eos a fratribus praedicatoribus.

1693 1266 933 61 Et placuit Procuratoribus, et etiam fratribus. sicut dixe:

1695 1326 706 65 runt coram Domino Duce, et Consiliarijs.

1765 1433 818 69 Quod securitates per praedictos Nobiles factae Procu

1826 1498 662 58 ratoribus sint ualidę. Capitulum .xxxu.

1861 1552 776 71 Ie uigesimo secundo Septembris. Capta fuit pars.

1859 1613 779 68 quod praedicto Consilio fiat huiusmodi addictio.

1694 1733 954 85 ctis Procuratoribus sint ita ualidae. et tantum ualeãt, quã:

1852 1672 796 64 quod securitates per praedictos Nobiles factae di

1710 783 137 206 M

1704 1527 137 212 D

2573 348 60 53 .10.
