3283 2500
583.0 365.0 941.0 83.0 lorum ⁊ mente captorum. quę nobis dederint alii Procu

580.0 437.0 934.0 71.0 ratores. et illa ostendere ad utilitatem eorum ad quos

589.0 516.0 929.0 60.0 spectant. si ab eisdem inde fuerimus uocati. uel requisiti.

668 606 785 78 Quod Gastaldiones ponant singulis diebus quin:

728 669 652 69 decim pecunias. quas accipient in Capsa.

765.0 773.0 767.0 77.0 Tem cum sociis meis faciam. quod Gastaldio:

879 729 288 61 Capitulum .xli.

771.0 841.0 762.0 64.0 nes ponant quibuslibet quindecim diebus in

590.0 963.0 947.0 60.0 ad manus eorum peruenerit aliqua occasione ad Procu:

761.0 902.0 778.0 60.0 una Capsa in Procuratia totam pecuniã. quę

587.0 1012.0 953.0 72.0 ratiam spectantem. Et addatur in Capitulari dictorum

589.0 1073.0 947.0 78.0 Gastaldionum. Et teneor cum sociis meis ad minus per

589.0 1137.0 953.0 65.0 totum sequentem mensem tentare. et inquirere rationem

591.0 1190.0 951.0 72.0 dictae Capsae. uel antea. si poterimus. et scribere uel scri:

591.0 1247.0 945.0 73.0 bi facere id. quod erit excussum. et facere de ipsa pecunia

594.0 1309.0 950.0 66.0 ordinate quod debemus. Et habebimus unũ quaternum.

593.0 1362.0 951.0 71.0 in quo scribi faciemus ordinate omnes denarios. quos Ga:

593.0 1420.0 943.0 71.0 staldiones nostri in Capsella ponent. et qua die et quot ut

593.0 1477.0 949.0 74.0 sciamus per illud scriptum continue quot denarii in dicta

593.0 1536.0 949.0 72.0 Capsella erunt. Sub poena solidorum uiginti grossoꝵ pro

596.0 1597.0 951.0 76.0 quolibet. et quolibet mense. non excusando sacramentum.

680 1706 798 103 Quod Procuratores non possint eligi ad aliquod

616 768 128 202 I

1868 366 671 77 officium. Capitulum. xlii .

1927.0 433.0 776.0 71.0 illesimo. Trecentesimo. Quinto. Die penultimo

1938.0 498.0 789.0 65.0 Decembris Capta fuit pars. quod Procuratores

1781.0 615.0 937.0 64.0 promoueri ad aliquod officium. uel regimen quousq erunt

1945.0 556.0 780.0 63.0 Sancti Marci non possint eligi aliquo modo. nec

1782.0 668.0 952.0 69.0 ad officiũ Procuratiae Sancti Marci tam de suptus qͣ de supra.

1861 776 759 71 De affictandis domibus uel possessionibus.

1939.0 900.0 789.0 68.0 Raeterea aliquas posessiones. et domos. quas ha:

2079 845 310 57 Capitulum. xliii.

1942.0 962.0 776.0 60.0 bebimus de caetero. uel de praesenti habemus ad

1776.0 1080.0 924.0 61.0 aliquibus. nisi illis. qui eas uolunt pro habitare in ipsis.

1938.0 1019.0 779.0 64.0 affictandum occasione Procuratiae. non affictabo

1772.0 1134.0 955.0 70.0 uel pro stationibus suis. Et non possumus ipsas affictare plus

1774.0 1193.0 940.0 69.0 qua ad ãnum. et si aliquibus sint affictatae possessiones. uel

1774.0 1252.0 936.0 63.0 domus aliquae contra id. quod dictũ est accipiam eis qͣ cito

1774.0 1312.0 943.0 63.0 potero. Uerum si aliquis acciperet domum pro habitando de

1774.0 1368.0 861.0 66.0 supra. possit affictare partem inferiorem cui uoluerit.

1843 1476 820 71 De reducendo affictus possessionũ ad duos terminos

1943 1540 555 64 soluendos. Capitulum. xLiiii.

1940.0 1597.0 778.0 69.0 Tem debemus reducere omnes possessiones. quas

1945.0 1656.0 762.0 69.0 habemus ad affictandum. ad recipiendũ affictus

1940.0 1719.0 769.0 82.0 earum ad duos terminos. scilicet ad annum no:

1800 425 134 204 M

1815 883 90 206 P

1800 1581 105 223 I

2655 326 61 67 .12.
