3601 2500
479.0 206.0 1182.0 137.0 q et peciuĩam se grandẽ daturũ. die quo cam̃ apud iudices

473.0 283.0 1171.0 105.0 orass et uicisset. Cumq iam habunde ꝓfeciss in eloquentia

473.0 336.0 1167.0 107.0 et causas nõ reciperet pictagoras eum coram iudicib ꝯͥens

475.0 377.0 1157.0 107.0 ait. reddes mͥ qđ peto sine ꝓ te ꝓnũciatũ fu̾it siue contra te.

472.0 440.0 1163.0 96.0 Nam si pro te merces mͥ debetur ex pacto qr tu uiceris Si cõtͣ

470.0 487.0 1169.0 107.0 te ui̾ces mͥ debetur ex sm̃a. quia ego uicero. Cui ille. Disce ma

425 537 1210 113 gister utͣq modo forenti tibi nõ reddam qđ petis. nã si ꝓ me

459.0 594.0 1192.0 104.0 ꝓnũtiatum fui̾t nichil tibi ex sm̃a debebitur. quia ego uicero.

466.0 647.0 1176.0 100.0 si aut̃ cõtra me nichil debeo ex pacto quia nõ uicero. Quod

470.0 697.0 1163.0 103.0 iudices explicabile iudicantes causam in diem longissima

495.0 754.0 822.0 86.0 Aduocati ⁊̃ silentiũ uendũt. Helinandus

1353.0 777.0 286.0 77.0 distulerũt.

458 802 1186 102 Demostenes aliqũ int̾rogauit austodunũ actoꝵ actoꝵ fabu

472.0 859.0 1171.0 96.0 loꝵ qnͣtũ accepiss uti ag̾et. Qui cũ respondisset talentũ se ac

476.0 916.0 1155.0 89.0 cepisse et ego inqͥt plus accepi ut tacerem. Apud causidicum

472.0 966.0 1179.0 88.0 etiã silentium uenale est. et lingͣ eius dampnifica nisi funibus

473.0 1013.0 832.0 85.0 argenteis uinciat᷑. ¶ Hoc u ad silentium.

1499.0 1033.0 200.0 79.0 .xxxiiii.

454.0 1072.0 1250.0 91.0 Aduocatoꝵ cautele aliq̃n sũt nccͣie. ¶ Infra uͥ agit᷑ de cautela .℥.

483.0 1127.0 1152.0 79.0 Aduocati quia in uita sua uendũt lingͣs suas ip̃is ĩ morte.

464.0 1175.0 1178.0 80.0 pͥuant᷑. Cesarius In saxonia quidã nõiatus decretista mor

476.0 1227.0 1171.0 77.0 tuus est. Qui cũ iraret lingua in ore eiꝰ defũcti nõ est ĩuẽta.

465.0 1277.0 1161.0 75.0 et m̾ito lingͣm perdidͭ moriẽs qͥ illã sepe uẽdiderat uiuens.

469.0 1340.0 1178.0 68.0 Aduocatꝰ sicut ꝯsueuit uiuus. ita moriens uult ꝑ uidi

450 1377 1202 68 cia ꝓ. ced̾e ꝯtͣ đm. Iacob de uitͥaco. Quidã reprob aduocatꝰ

469.0 1430.0 1168.0 71.0 cũ in lecto egrituđis iac̾et. oblata ei eucaristia dixit. sicut

470.0 1477.0 1172.0 78.0 sanus dic̾e in causis solebat. uolo ꝙ pͥus iudicet᷑ ultrũ illã

469.0 1529.0 1185.0 79.0 recipere debeam an nõ. Cui cũ astantes dic̾ent iustũ est ut re

466.0 1586.0 1183.0 75.0 cipias et hoc iudicamus ip̃e respondit. cũ sitis pares mͥ ñ ħetis

464.0 1636.0 1193.0 77.0 me iudicare. Cũq appellaret quasi ab iniqua sententia ĩfeli

462.0 1688.0 1178.0 77.0 cem sp̃m exalauit ¶ Hoc ⁊̃ fac̃ ad malã ꝯsuene ⁊ ad obstinatõe.

445 1747 1197 141 Aduocatus petens unducias mortis nõ obtinet qui sanus

220 756 67 56 .ii.

179 775 269 106 aduͭoͥ silenͫ.

252.0 1116.0 28.0 50.0 iii

177.0 1120.0 249.0 130.0 aduoti li̾gͭͭ

233 1316 68 68 iiii.

183 1370 267 98 aduo. appellͦ

1963.0 230.0 1157.0 99.0 ⁊̃ in causis inducias nõ ꝯcessit. Iacobus de uitriaco. Quidam ad

1964.0 283.0 1166.0 97.0 uocatus extremis laborans cum iam uideret demones cepit a dõ

1968.0 343.0 1182.0 88.0 petere indutias. s quia in causis indutias non dabat nisi ut cau

1967.0 390.0 1178.0 91.0 sam prot̾heret et adu̾sarium grauaret nõ potuit adeo obtine̾ qđ pe

1968.0 452.0 627.0 79.0 tebat. s miserabilit̾ mortuus est.

2916.0 465.0 147.0 58.0 .cxxi.

1958.0 497.0 1235.0 96.0 Aduocatꝰ parũ lucͣtur nisi mendacio utat᷑. ¶ Infͣ de mẽdacio. .℥℥.

1954 550 1173 93 Aduocati pũiunt᷑ in ĩferno. Ex quadam tͣgediͣ senece.  Quidam

1960.0 615.0 1179.0 76.0 uidit neronem balneantem se apud inferos in auro feruenti et

1975.0 665.0 1163.0 75.0 bullienti. Uidens nero aduocatos uẽientes illuc huc inquit ue

1972.0 715.0 1166.0 80.0 nale genus hõim. O amici mei aduocati accedite hic mecum uo

1967.0 781.0 412.0 59.0 bis locus reseruatur.

2047.0 819.0 1080.0 85.0 ffectus carnalis nõ d ẽẽ in religiosis. Ex dcĩs pr̃m. frater

2007.0 876.0 1134.0 79.0 quidã uoluit uidere sororẽ suã in mõast̾io egͦͦtantẽ. Que no

1957.0 923.0 1188.0 86.0 lens ei p̾bere occasionẽ ait cuidã. uade et dic fr̃i meo qđ eat in do

1944.0 987.0 1211.0 67.0 mũ suam et oret ꝓ me. qr cũ xp̃i gĩa uidebo eũ in regno celorum.

1924.0 1036.0 972.0 75.0 ¶ Hoc ⁊̃ u ad religiosos et aduitandos discursus.

1954.0 1086.0 1184.0 77.0 Affectus carnalis d repͥmi. Ex dcĩs pr̃m. Abbas Iohannes ha

1965.0 1141.0 1166.0 63.0 bebat sororem que ab infantia in scõ ꝓpõito cõu̾sabatur. Ip̃a ⁊̃

1965.0 1188.0 1174.0 74.0 ip̃m erudiuit et docuit ut relinqueret sc̃i uanitates. Ingͥssus ad

1967.0 1238.0 1185.0 75.0 mõast̾ium per .xxiiii. ãnnos nõ est eg̾ssus Illa u̾o nimis desid̾abat

1965.0 1294.0 1159.0 64.0 uidere eum freqñt̾ q mittebat ad eum epłas ut añ exitum de

1964.0 1355.0 1174.0 53.0 corꝑe ueniret ad eum ut in caritate xp̃i de p̾sentia sua inuicem

1961.0 1398.0 1167.0 60.0 letarent᷑. Ille aut̃ excusabat se. It̾m scripsit ad eum diceus. qr si

1961.0 1451.0 1180.0 55.0 nolu̾is uẽire ad me ncc̃e est ut ego uadam ad te. accepit gͦ abbas

1960.0 1498.0 1181.0 56.0 secũ duos fr̃es de monast̾io et cum uẽissent ad ianuã fororis su

1960.0 1554.0 1161.0 58.0 e clamauit dicens. benedicite et uidete peregͥnos. Egrassa illa

1964.0 1605.0 1163.0 60.0 nõ cognouit [[peregrinos]] frẽm suũ. Ille aut̃ cognouit eã s non

1958.0 1655.0 1174.0 61.0 est locutus ei u̾bum. ut forte in uoce cognosceret eum. Cũ autẽ

1958.0 1708.0 1163.0 65.0 bibissent aqui reu̾si sunt ad mouast̾ium suum. Post aliqua

1957.0 1766.0 1192.0 103.0 tot dies scripsit it̾m ad eum soror ut uẽiret. Tunc ille rescͥpsit

1957.0 134.0 42.0 78.0 .x.

3155 520 314 138 pũnĩt᷑ in ĩferͦ.

3210.0 145.0 36.0 68.0 11

3281 240 54 71 ᷑

3280 791 52 121 .i.

3273 1052 73 118 .ii.
