<alto xmlns:xsi="http://www.w3.org/2001/XMLSchema-instance" xmlns="http://www.loc.gov/standards/alto/ns-v4#" xsi:schemaLocation="http://www.loc.gov/standards/alto/ns-v4# http://www.loc.gov/standards/alto/v4/alto-4-2.xsd">
  <Description>
    <MeasurementUnit>pixel</MeasurementUnit>
    <sourceImageInformation>
      <fileName>btv1b10032547z-f13.jpg</fileName>
      
    </sourceImageInformation>
  </Description>
  
  <Tags>
    <OtherTag ID="BT1" LABEL="Title" DESCRIPTION="block type Title"/><OtherTag ID="BT2" LABEL="Main" DESCRIPTION="block type Main"/><OtherTag ID="BT3" LABEL="Commentary" DESCRIPTION="block type Commentary"/><OtherTag ID="BT4" LABEL="Illustration" DESCRIPTION="block type Illustration"/><OtherTag ID="BT11168" LABEL="DamageZone" DESCRIPTION="block type DamageZone"/><OtherTag ID="BT11169" LABEL="DecorationZone" DESCRIPTION="block type DecorationZone"/><OtherTag ID="BT11170" LABEL="DigitizationArtefactZone" DESCRIPTION="block type DigitizationArtefactZone"/><OtherTag ID="BT11171" LABEL="DropCapitalZone" DESCRIPTION="block type DropCapitalZone"/><OtherTag ID="BT11172" LABEL="MainZone" DESCRIPTION="block type MainZone"/><OtherTag ID="BT11173" LABEL="MarginTextZone" DESCRIPTION="block type MarginTextZone"/><OtherTag ID="BT11174" LABEL="MusicZone" DESCRIPTION="block type MusicZone"/><OtherTag ID="BT11175" LABEL="NumberingZone" DESCRIPTION="block type NumberingZone"/><OtherTag ID="BT11176" LABEL="QuireMarksZone" DESCRIPTION="block type QuireMarksZone"/><OtherTag ID="BT11177" LABEL="RunningTitleZone" DESCRIPTION="block type RunningTitleZone"/><OtherTag ID="BT11178" LABEL="SealZone" DESCRIPTION="block type SealZone"/><OtherTag ID="BT11179" LABEL="StampZone" DESCRIPTION="block type StampZone"/><OtherTag ID="BT11180" LABEL="TableZone" DESCRIPTION="block type TableZone"/><OtherTag ID="BT11181" LABEL="TitlePageZone" DESCRIPTION="block type TitlePageZone"/>
    <OtherTag ID="LT1" LABEL="Main" DESCRIPTION="line type Main"/><OtherTag ID="LT2" LABEL="Numbering" DESCRIPTION="line type Numbering"/><OtherTag ID="LT3" LABEL="Correction" DESCRIPTION="line type Correction"/><OtherTag ID="LT4" LABEL="Signature" DESCRIPTION="line type Signature"/><OtherTag ID="LT4434" LABEL="DefaultLine" DESCRIPTION="line type DefaultLine"/><OtherTag ID="LT4435" LABEL="DropCapitalLine" DESCRIPTION="line type DropCapitalLine"/><OtherTag ID="LT4436" LABEL="HeadingLine" DESCRIPTION="line type HeadingLine"/><OtherTag ID="LT4437" LABEL="InterlinearLine" DESCRIPTION="line type InterlinearLine"/>
  </Tags>
  
  <Layout>
    <Page WIDTH="3601" HEIGHT="2500" PHYSICAL_IMG_NR="0" ID="eSc_dummypage_">
      <PrintSpace HPOS="0" VPOS="0" WIDTH="3601" HEIGHT="2500">
        
        <TextBlock HPOS="426" VPOS="164" WIDTH="1243" HEIGHT="1687" ID="block_3" TAGREFS="BT11172">
          <Shape><Polygon POINTS="1669 164 1669 1851 426 1851 426 164"/></Shape>
          
          
          <TextLine ID="line_2" TAGREFS="LT4434" BASELINE="457 297 1154 311 1618 333" HPOS="455.0" VPOS="229.0" WIDTH="1163.0" HEIGHT="118.0">
            <Shape><Polygon POINTS="457 297 455 313 518 306 565 308 576 318 577 318 579 318 580 318 691 309 853 313 883 327 884 327 886 327 887 327 889 327 890 327 929 316 983 316 1050 331 1051 331 1141 334 1143 334 1146 334 1218 325 1296 338 1298 338 1300 338 1304 338 1418 331 1615 347 1618 333 1618 270 1551 270 1550 269 1510 258 1508 258 1507 258 1443 266 1439 266 1422 255 1421 255 1419 255 1226 250 1225 250 1182 259 1178 259 1173 259 1104 247 1103 247 1101 247 1069 255 1039 255 987 255 986 254 957 243 955 243 954 243 600 243 494 229 493 229 491 229 457 238 457 297"/></Shape>
	    <String CONTENT="dicto iussus est dentib et unguib lacerari. Hoc etiã ual" HPOS="455.0" VPOS="229.0" WIDTH="1163.0" HEIGHT="118.0"/>
          </TextLine>

          
          
          <TextLine ID="line_3" TAGREFS="LT4434" BASELINE="455 348 1153 366 1631 388" HPOS="454.0" VPOS="306.0" WIDTH="1177.0" HEIGHT="99.0">
            <Shape><Polygon POINTS="455 348 454 356 475 366 476 366 477 366 479 366 502 361 516 370 518 370 519 370 520 370 675 365 693 365 696 366 704 373 705 373 707 373 768 375 769 375 796 370 811 368 837 372 887 380 889 380 941 376 987 373 1086 376 1100 383 1105 386 1107 386 1108 386 1118 384 1143 379 1237 380 1246 388 1247 388 1248 388 1250 388 1286 383 1298 391 1303 395 1304 395 1305 395 1307 395 1323 393 1364 386 1401 386 1422 397 1428 400 1429 400 1628 405 1631 388 1629 337 1592 344 1549 334 1544 334 1543 334 1536 334 1464 340 1335 329 1292 326 1290 326 1271 327 1230 331 1144 325 1076 319 1075 319 1012 322 953 323 946 319 940 315 939 315 937 315 936 315 897 318 884 319 880 318 864 312 862 312 861 312 859 312 841 316 832 319 815 316 775 309 773 309 747 315 737 316 725 313 691 306 690 306 455 306 455 348"/></Shape>
	    <String CONTENT="ad hoc ꝙ qũq nocet omĩa uera loqui. et qđ prelati et pͥncipes" HPOS="454.0" VPOS="306.0" WIDTH="1177.0" HEIGHT="99.0"/>
          </TextLine>

          
          
          <TextLine ID="line_4" TAGREFS="LT4434" BASELINE="447 405 1039 415" HPOS="445.0" VPOS="358.0" WIDTH="594.0" HEIGHT="71.0">
            <Shape><Polygon POINTS="447 405 445 420 534 423 536 423 537 423 545 420 570 415 589 420 595 423 597 423 598 423 600 423 601 423 602 420 612 415 648 420 657 422 658 422 659 422 662 420 686 415 793 420 923 429 925 429 1037 420 1039 415 1039 373 777 361 776 361 714 368 705 368 700 368 669 359 668 359 666 359 665 359 652 366 651 366 646 366 583 358 582 358 447 362 447 405"/></Shape>
	    <String CONTENT="nolunt audire nisi placenta." HPOS="445.0" VPOS="358.0" WIDTH="594.0" HEIGHT="71.0" WC="0.9596750000000001"/>
          </TextLine>

          
          
          <TextLine ID="line_5" TAGREFS="LT4434" BASELINE="450 454 1076 463 1636 484" HPOS="448.0" VPOS="408.0" WIDTH="1188.0" HEIGHT="85.0">
            <Shape><Polygon POINTS="968 415 966 415 939 425 904 413 903 413 901 413 900 413 868 425 729 411 727 411 714 411 700 411 690 409 657 416 627 409 616 409 602 408 543 418 540 418 450 416 450 454 448 469 1633 493 1636 484 1636 445 1493 443 1492 441 1467 431 1465 431 1464 431 1385 438 1379 438 1375 438 1308 423 1307 423 1260 433 1191 420 1190 420 1096 429 1068 418 1066 418 969 415 968 415"/></Shape>
	    <String CONTENT="Adulator nõ est audiendꝰ. Seuconuisio Cesar alũ specta" HPOS="448.0" VPOS="408.0" WIDTH="1188.0" HEIGHT="85.0"/>
          </TextLine>

          
          
          <TextLine ID="line_6" TAGREFS="LT4434" BASELINE="439 502 1121 518 1608 537" HPOS="437.0" VPOS="458.0" WIDTH="1171.0" HEIGHT="92.0">
            <Shape><Polygon POINTS="439 502 437 516 614 515 623 523 625 523 626 523 627 523 630 523 712 518 771 527 773 527 775 527 790 527 1066 527 1606 550 1608 537 1607 494 1397 477 1396 477 1317 486 1310 486 1304 486 1258 473 1257 473 1255 473 1212 479 1160 470 1158 470 1157 470 1126 479 1091 469 1090 469 1089 469 1032 477 1029 477 1014 477 714 461 712 461 711 461 689 468 545 458 544 458 439 461 439 502"/></Shape>
	    <String CONTENT="ret ludos ꝓnũtiatũ fuit a quodã dñm eũ equũ ⁊ bonũ qđ" HPOS="437.0" VPOS="458.0" WIDTH="1171.0" HEIGHT="92.0"/>
          </TextLine>

          
          
          <TextLine ID="line_7" TAGREFS="LT4434" BASELINE="454 559 898 568 1629 591" HPOS="452.0" VPOS="516.0" WIDTH="1177.0" HEIGHT="90.0">
            <Shape><Polygon POINTS="593 556 583 519 454 519 454 559 452 570 590 570 616 575 658 580 659 580 716 576 751 575 771 577 804 584 805 584 864 580 891 579 896 581 901 586 903 586 904 586 905 587 1096 587 1190 587 1215 590 1289 598 1290 598 1292 598 1314 593 1318 591 1465 594 1482 597 1589 606 1590 606 1628 600 1629 591 1629 552 1507 548 1486 537 1485 537 1483 537 1482 537 1458 547 1457 547 1430 537 1429 537 1428 537 1308 543 1294 543 1278 541 1098 525 1097 525 1008 534 1001 534 997 534 954 520 953 520 951 520 908 529 804 516 803 516 801 516 771 527 754 519 752 519 604 519 593 556"/></Shape>
	    <String CONTENT="cum om̃s. q. de angusto dc̃m exultantes approbassent statim" HPOS="452.0" VPOS="516.0" WIDTH="1177.0" HEIGHT="90.0"/>
          </TextLine>

          
          
          <TextLine ID="line_8" TAGREFS="LT4434" BASELINE="452 613 741 618 1607 644" HPOS="451.0" VPOS="572.0" WIDTH="1156.0" HEIGHT="82.0">
            <Shape><Polygon POINTS="452 613 451 618 1604 654 1607 644 1607 600 452 572 452 613"/></Shape>
	    <String CONTENT="manu et uultu indecoras cep̾ssit adultationes et sequenti" HPOS="451.0" VPOS="572.0" WIDTH="1156.0" HEIGHT="82.0"/>
          </TextLine>

          
          
          <TextLine ID="line_9" TAGREFS="LT4434" BASELINE="451 663 1610 694" HPOS="450.0" VPOS="613.0" WIDTH="1160.0" HEIGHT="99.0">
            <Shape><Polygon POINTS="1453 640 1451 640 1437 640 1432 638 1398 638 1397 638 1396 638 1387 641 1362 648 1289 640 1287 640 1246 645 1225 636 1221 634 1219 634 1218 634 1197 636 1150 638 1141 634 1139 631 1137 631 1136 631 1135 631 1119 633 1064 640 1044 630 1043 630 1041 630 1040 630 1033 630 978 638 943 638 923 627 921 626 919 626 918 626 905 626 822 634 721 622 711 620 709 620 697 620 600 625 590 661 579 626 562 627 480 626 452 613 451 613 451 663 450 672 469 679 470 679 472 679 525 676 536 684 537 684 539 684 540 684 541 684 569 677 641 677 750 679 776 683 872 694 873 694 875 694 901 687 909 686 1019 687 1025 691 1033 698 1035 698 1036 698 1037 698 1039 698 1058 693 1076 688 1164 690 1179 697 1191 702 1193 702 1242 704 1243 704 1244 704 1257 700 1276 694 1333 697 1340 704 1344 706 1346 706 1347 706 1348 706 1367 704 1404 698 1424 706 1429 708 1430 708 1607 712 1610 694 1608 648 1487 651 1464 643 1454 640 1453 640"/></Shape>
	    <String CONTENT="die grauissimo corripuit edcõ se dñm appellant ¶ Hoc etiã" HPOS="450.0" VPOS="613.0" WIDTH="1160.0" HEIGHT="99.0"/>
          </TextLine>

          
          
          <TextLine ID="line_10" TAGREFS="LT4434" BASELINE="443 723 1069 733" HPOS="441.0" VPOS="675.0" WIDTH="628.0" HEIGHT="73.0">
            <Shape><Polygon POINTS="443 723 441 738 544 741 545 741 547 741 550 741 584 730 622 740 623 740 625 740 626 740 652 731 669 743 671 743 672 743 673 743 675 743 676 743 711 733 833 740 834 740 889 734 915 747 916 747 918 747 919 747 921 747 922 747 950 737 964 744 965 744 966 744 1035 738 1065 748 1069 733 1068 693 989 693 986 691 972 681 971 681 969 681 968 681 928 690 926 691 898 691 897 690 884 680 883 680 882 680 880 680 879 680 878 680 878 681 871 688 821 688 798 679 797 679 796 679 748 687 657 677 655 677 623 684 590 676 589 676 587 676 502 683 494 676 494 675 493 675 491 675 490 675 443 683 443 723"/></Shape>
	    <String CONTENT="facit ad fugam laudis hũane ." HPOS="441.0" VPOS="675.0" WIDTH="628.0" HEIGHT="73.0" WC="0.9858833333333333"/>
          </TextLine>

          
          
          <TextLine ID="line_11" TAGREFS="LT4434" BASELINE="436 772 1621 790" HPOS="434.0" VPOS="731.0" WIDTH="1187.0" HEIGHT="87.0">
            <Shape><Polygon POINTS="436 772 434 800 473 800 473 798 475 798 476 798 494 787 705 800 707 800 797 795 834 805 840 806 841 806 843 806 844 806 847 805 866 800 980 808 990 808 991 808 997 808 1162 797 1194 811 1196 811 1618 818 1621 790 1619 754 1529 744 1528 744 1461 750 1444 751 436 731 436 772"/></Shape>
	    <String CONTENT="Adulator. hõiem supra se freqñter per mendaciũ extollit" HPOS="434.0" VPOS="731.0" WIDTH="1187.0" HEIGHT="87.0"/>
          </TextLine>

          
          
          <TextLine ID="line_12" TAGREFS="LT4434" BASELINE="484 825 1217 836" HPOS="483.0" VPOS="781.0" WIDTH="734.0" HEIGHT="74.0">
            <Shape><Polygon POINTS="484 825 483 836 501 847 502 847 504 847 505 847 654 837 666 837 716 837 718 838 729 848 729 850 730 850 732 850 758 851 759 851 761 851 762 851 777 840 780 840 841 840 855 843 898 852 900 852 965 845 990 843 994 845 998 850 998 851 1000 851 1001 851 1003 851 1004 851 1021 847 1032 844 1043 847 1068 855 1069 855 1071 855 1215 851 1217 836 1215 801 1065 801 1055 798 1026 790 1025 790 1023 790 964 795 936 787 934 787 933 787 841 794 828 786 826 786 825 786 823 786 775 793 716 784 715 784 714 784 697 791 575 781 573 781 572 781 545 793 544 793 484 793 484 825"/></Shape>
	    <String CONTENT="Infra de ⟦angusti⟧ augusto .ii. xxu." HPOS="483.0" VPOS="781.0" WIDTH="734.0" HEIGHT="74.0"/>
          </TextLine>

          
          
          <TextLine ID="line_13" TAGREFS="LT4434" BASELINE="547 877 1606 905" HPOS="545.0" VPOS="834.0" WIDTH="1061.0" HEIGHT="86.0">
            <Shape><Polygon POINTS="547 877 545 887 600 898 786 902 787 902 844 897 862 895 1354 908 1369 912 1394 919 1396 919 1397 920 1604 920 1606 905 1606 863 1529 858 1528 858 1507 861 1480 865 1453 859 1429 855 1428 855 1426 855 1414 859 1396 863 1369 858 1343 852 1342 852 1289 856 1244 859 1217 855 1187 850 1186 850 1165 854 1151 856 1144 854 1132 847 1130 847 1129 847 1128 847 1111 852 1103 855 1090 852 1066 845 1065 845 1064 845 1014 851 1003 851 996 850 966 843 965 843 964 843 922 848 912 850 901 848 857 840 855 840 854 840 832 847 825 848 762 848 751 845 708 836 707 836 705 836 675 843 669 844 662 843 619 834 618 834 547 840 547 877"/></Shape>
	    <String CONTENT="Adulteriũ. Adultera uxor nõ est tenenda. Ex gestis" HPOS="545.0" VPOS="834.0" WIDTH="1061.0" HEIGHT="86.0"/>
          </TextLine>

          
          
          <TextLine ID="line_14" TAGREFS="LT4434" BASELINE="548 934 1628 956" HPOS="548.0" VPOS="890.0" WIDTH="1080.0" HEIGHT="83.0">
            <Shape><Polygon POINTS="590 929 582 901 548 901 548 934 548 951 614 944 673 954 683 955 684 955 691 954 729 947 746 955 748 956 750 956 751 956 766 956 841 950 896 958 905 959 907 959 929 959 1058 954 1073 962 1075 962 1076 962 1078 962 1083 962 1135 955 1207 965 1225 966 1226 966 1253 965 1355 959 1373 968 1378 969 1379 969 1380 969 1382 969 1386 968 1405 961 1443 969 1446 969 1447 969 1449 969 1450 969 1476 962 1492 970 1496 972 1497 972 1499 973 1626 973 1628 956 1626 919 1512 919 1507 916 1499 909 1497 909 1496 909 1494 909 1273 912 1172 913 1161 911 1125 900 1123 900 1025 897 1023 897 1022 897 1004 906 882 897 880 897 833 905 830 905 812 895 811 895 744 893 743 893 741 893 719 901 650 890 648 890 647 890 609 901 608 901 597 901 590 929"/></Shape>
	    <String CONTENT="bĩ Gengulphi. Gengulphꝰ quẽdam fontem emit ĩ gallia" HPOS="548.0" VPOS="890.0" WIDTH="1080.0" HEIGHT="83.0"/>
          </TextLine>

          
          
          <TextLine ID="line_15" TAGREFS="LT4434" BASELINE="447 980 1632 1001" HPOS="445.0" VPOS="940.0" WIDTH="1187.0" HEIGHT="83.0">
            <Shape><Polygon POINTS="447 980 445 1002 541 1005 543 1005 554 1004 605 995 666 995 684 1005 689 1006 690 1006 691 1006 707 1005 762 998 784 1005 794 1009 796 1009 797 1009 798 1009 800 1009 804 1006 814 1000 862 1006 896 1011 897 1011 926 1006 962 1002 1151 1004 1172 1009 1207 1016 1385 1019 1386 1019 1387 1019 1411 1011 1414 1011 1424 1011 1553 1023 1554 1023 1631 1012 1632 1001 1629 966 1494 966 1476 962 1450 956 1449 956 1422 961 1401 965 1367 961 1322 954 1321 954 1298 958 1282 962 1016 959 996 952 986 950 984 950 983 950 961 951 925 955 882 950 847 945 846 945 826 948 796 954 747 947 723 944 722 944 690 945 629 950 618 944 612 941 611 941 609 941 587 944 537 950 514 943 507 940 505 940 504 940 502 940 498 941 489 947 447 941 447 980"/></Shape>
	    <String CONTENT="ubi statim sciccatus cepit oriri in orto gengulphi in burgun" HPOS="445.0" VPOS="940.0" WIDTH="1187.0" HEIGHT="83.0"/>
          </TextLine>

          
          
          <TextLine ID="line_16" TAGREFS="LT4434" BASELINE="437 1036 1621 1048" HPOS="436.0" VPOS="994.0" WIDTH="1185.0" HEIGHT="74.0">
            <Shape><Polygon POINTS="590 1026 582 1002 582 1004 569 995 568 995 566 995 565 995 561 995 458 1001 439 994 437 1036 436 1054 566 1050 637 1056 657 1058 658 1058 668 1056 698 1051 709 1056 715 1059 716 1059 718 1059 737 1056 771 1052 783 1056 789 1059 790 1059 791 1059 805 1056 830 1052 853 1058 866 1061 868 1061 869 1061 893 1058 916 1054 939 1058 964 1062 965 1062 1223 1058 1304 1058 1307 1059 1319 1065 1321 1065 1322 1065 1518 1061 1564 1068 1565 1068 1619 1059 1621 1048 1617 1006 1586 1013 1357 1013 1098 1011 1075 1002 1073 1002 1072 1002 804 1005 794 998 793 998 791 998 790 998 597 1002 590 1026"/></Shape>
	    <String CONTENT="dia. Quadam gͦ die cum gengulphus cum uxore sua adul" HPOS="436.0" VPOS="994.0" WIDTH="1185.0" HEIGHT="74.0" WC="0.98529"/>
          </TextLine>

          
          
          <TextLine ID="line_17" TAGREFS="LT4434" BASELINE="457 1088 1617 1101" HPOS="455.0" VPOS="1047.0" WIDTH="1162.0" HEIGHT="72.0">
            <Shape><Polygon POINTS="457 1088 455 1097 505 1108 507 1108 508 1108 526 1100 533 1100 584 1100 597 1100 714 1111 715 1112 791 1112 791 1111 793 1111 814 1104 821 1102 843 1105 903 1112 904 1112 930 1106 946 1104 965 1106 993 1112 994 1112 1046 1109 1100 1105 1114 1111 1128 1115 1129 1115 1130 1115 1151 1111 1172 1106 1614 1119 1617 1101 1615 1066 1526 1058 1525 1058 1494 1065 1490 1065 1486 1065 1454 1055 1453 1055 1451 1055 1450 1055 1418 1063 1415 1063 1318 1063 1317 1062 1305 1054 1304 1054 1303 1054 1301 1054 1265 1062 1261 1062 1075 1061 1075 1059 1058 1052 1057 1052 1055 1052 1019 1059 1015 1059 844 1059 841 1056 816 1048 815 1048 814 1048 757 1055 712 1047 711 1047 457 1052 457 1088"/></Shape>
	    <String CONTENT="tera sed̾et iuxta fontem et illam de adult̾io argu̾et illaꝙ" HPOS="455.0" VPOS="1047.0" WIDTH="1162.0" HEIGHT="72.0"/>
          </TextLine>

          
          
          <TextLine ID="line_18" TAGREFS="LT4434" BASELINE="458 1140 1611 1152" HPOS="457.0" VPOS="1101.0" WIDTH="1154.0" HEIGHT="62.0">
            <Shape><Polygon POINTS="458 1140 457 1150 714 1161 1608 1163 1611 1152 1610 1116 458 1101 458 1140"/></Shape>
	    <String CONTENT="negaret dixit ei. Denuda brachiũ tuũ et lapillum infundo" HPOS="457.0" VPOS="1101.0" WIDTH="1154.0" HEIGHT="62.0"/>
          </TextLine>

          
          
          <TextLine ID="line_19" TAGREFS="LT4434" BASELINE="457 1191 1604 1205" HPOS="455.0" VPOS="1154.0" WIDTH="1149.0" HEIGHT="68.0">
            <Shape><Polygon POINTS="457 1191 455 1204 687 1213 689 1213 784 1208 790 1208 791 1208 825 1215 826 1215 869 1208 876 1208 896 1209 1032 1218 1033 1218 1132 1211 1144 1211 1158 1211 1268 1220 1269 1220 1339 1213 1340 1213 1342 1213 1376 1220 1378 1220 1476 1215 1478 1215 1496 1222 1497 1222 1499 1222 1603 1215 1604 1205 1603 1166 457 1154 457 1191"/></Shape>
	    <String CONTENT="fontis recipe. Si illesum extraxeris credam qđ innocens sis." HPOS="455.0" VPOS="1154.0" WIDTH="1149.0" HEIGHT="68.0"/>
          </TextLine>

          
          
          <TextLine ID="line_20" TAGREFS="LT4434" BASELINE="450 1241 1626 1256" HPOS="448.0" VPOS="1197.0" WIDTH="1178.0" HEIGHT="80.0">
            <Shape><Polygon POINTS="450 1241 448 1261 594 1256 644 1263 664 1266 665 1266 705 1263 779 1259 869 1265 941 1269 943 1269 962 1265 983 1261 1037 1265 1079 1269 1080 1269 1112 1266 1137 1263 1143 1266 1150 1272 1151 1272 1153 1272 1154 1272 1155 1272 1172 1266 1182 1263 1304 1263 1311 1266 1325 1272 1326 1272 1425 1276 1426 1276 1428 1276 1449 1269 1539 1277 1540 1277 1625 1268 1626 1256 1625 1212 1415 1220 1278 1219 1246 1208 1244 1208 1243 1208 1200 1218 1153 1216 1141 1206 1140 1206 1139 1206 1137 1206 1136 1206 1110 1216 1069 1205 1068 1205 1066 1205 1065 1205 1026 1215 984 1206 983 1206 982 1206 965 1215 884 1215 876 1206 875 1206 873 1206 872 1206 775 1212 684 1202 683 1202 682 1202 666 1208 648 1200 647 1200 646 1200 561 1209 525 1198 523 1198 450 1197 450 1241"/></Shape>
	    <String CONTENT="Tunc illa secura brachium in fonti et uelud ab igne ꝯbustũ" HPOS="448.0" VPOS="1197.0" WIDTH="1178.0" HEIGHT="80.0"/>
          </TextLine>

          
          
          <TextLine ID="line_21" TAGREFS="LT4434" BASELINE="458 1300 1628 1300" HPOS="458.0" VPOS="1258.0" WIDTH="1170.0" HEIGHT="62.0">
            <Shape><Polygon POINTS="458 1300 458 1311 554 1319 555 1319 557 1319 570 1312 572 1312 848 1312 853 1315 858 1319 859 1319 861 1319 862 1319 901 1315 923 1312 943 1315 971 1319 972 1320 1200 1320 1200 1319 1201 1319 1205 1316 1215 1312 1396 1318 1440 1319 1442 1319 1447 1319 1478 1312 1494 1319 1496 1319 1497 1319 1499 1319 1500 1319 1501 1319 1514 1312 1626 1319 1628 1300 1626 1258 1579 1269 1292 1269 1243 1261 1242 1261 1240 1261 1239 1261 1226 1269 923 1269 866 1261 865 1261 864 1261 841 1268 805 1258 804 1258 644 1258 643 1258 641 1258 640 1258 629 1266 611 1259 609 1259 458 1258 458 1300"/></Shape>
	    <String CONTENT="retraxit . Tunc scũs Ecce inquit apparet ⟦tibi⟧ ueritas flagitii" HPOS="458.0" VPOS="1258.0" WIDTH="1170.0" HEIGHT="62.0"/>
          </TextLine>

          
          
          <TextLine ID="line_22" TAGREFS="LT4434" BASELINE="459 1350 1639 1345" HPOS="458.0" VPOS="1302.0" WIDTH="1181.0" HEIGHT="60.0">
            <Shape><Polygon POINTS="459 1350 459 1362 1637 1361 1639 1345 1636 1313 1554 1305 1553 1305 1485 1312 1478 1312 1475 1312 1451 1305 1450 1305 1449 1305 1392 1311 1369 1313 1365 1311 1348 1302 1347 1302 1346 1302 1279 1311 1242 1315 458 1306 459 1350"/></Shape>
	    <String CONTENT="tui. Socia mea ultra non eris. et data ei media parte sƀstã" HPOS="458.0" VPOS="1302.0" WIDTH="1181.0" HEIGHT="60.0"/>
          </TextLine>

          
          
          <TextLine ID="line_23" TAGREFS="LT4434" BASELINE="459 1397 1632 1400" HPOS="458.0" VPOS="1358.0" WIDTH="1174.0" HEIGHT="62.0">
            <Shape><Polygon POINTS="459 1397 458 1412 912 1419 914 1419 958 1412 968 1412 979 1412 1053 1420 1054 1420 1631 1412 1632 1400 1631 1366 839 1366 837 1365 829 1358 828 1358 826 1358 825 1358 823 1358 805 1365 803 1365 798 1365 755 1358 754 1358 459 1363 459 1397"/></Shape>
	    <String CONTENT="tie sue mansit ꝑ se. Non multo post gengulphus dormiens" HPOS="458.0" VPOS="1358.0" WIDTH="1174.0" HEIGHT="62.0"/>
          </TextLine>

          
          
          <TextLine ID="line_24" TAGREFS="LT4434" BASELINE="457 1448 1644 1444" HPOS="455.0" VPOS="1405.0" WIDTH="1189.0" HEIGHT="64.0">
            <Shape><Polygon POINTS="457 1448 457 1461 848 1469 850 1469 1182 1462 1214 1468 1215 1468 1217 1468 1248 1459 1308 1466 1310 1466 1346 1459 1582 1465 1583 1465 1644 1456 1644 1444 1640 1413 1478 1413 1471 1413 1425 1405 1424 1405 1422 1405 1403 1413 1401 1413 1394 1413 1343 1406 1342 1406 1116 1413 1053 1415 1032 1413 954 1406 953 1406 882 1413 851 1416 821 1413 755 1408 754 1408 752 1408 737 1413 729 1416 722 1413 704 1408 702 1408 701 1408 455 1413 457 1448"/></Shape>
	    <String CONTENT="in tetuo sua ađito adult̾o est occisus. Qui dũ miracula face" HPOS="455.0" VPOS="1405.0" WIDTH="1189.0" HEIGHT="64.0"/>
          </TextLine>

          
          
          <TextLine ID="line_25" TAGREFS="LT4434" BASELINE="459 1502 1633 1494" HPOS="458.0" VPOS="1451.0" WIDTH="1175.0" HEIGHT="69.0">
            <Shape><Polygon POINTS="459 1502 459 1515 839 1520 840 1520 841 1520 843 1520 853 1512 855 1512 872 1512 976 1519 978 1519 979 1519 980 1519 990 1512 991 1512 993 1512 1061 1518 1062 1518 1119 1511 1125 1511 1126 1511 1146 1518 1147 1518 1148 1518 1386 1509 1394 1509 1396 1509 1435 1516 1436 1516 1632 1506 1633 1494 1631 1461 1536 1461 1535 1459 1524 1452 1522 1452 1521 1452 1519 1452 1518 1452 1490 1459 1478 1451 1476 1451 1475 1451 1474 1451 1422 1459 1412 1461 1294 1461 1293 1459 1283 1452 1282 1452 1280 1452 1242 1452 1240 1452 1239 1452 1237 1452 1228 1459 1223 1462 1182 1459 1135 1456 1133 1456 1014 1459 794 1465 780 1459 773 1456 772 1456 771 1456 769 1456 762 1459 751 1463 691 1459 657 1456 655 1456 644 1459 614 1466 589 1459 586 1458 584 1458 583 1458 458 1458 459 1502"/></Shape>
	    <String CONTENT="ret et ⟦gengulphus⟧ uxor hoc audiens irridens ait. Ita gen" HPOS="458.0" VPOS="1451.0" WIDTH="1175.0" HEIGHT="69.0"/>
          </TextLine>

          
          
          <TextLine ID="line_26" TAGREFS="LT4434" BASELINE="461 1554 1633 1551" HPOS="459.0" VPOS="1513.0" WIDTH="1174.0" HEIGHT="60.0">
            <Shape><Polygon POINTS="461 1554 461 1573 508 1563 536 1572 537 1572 539 1572 589 1563 643 1572 646 1572 647 1572 648 1572 650 1572 683 1563 726 1570 734 1572 736 1572 758 1570 855 1563 901 1569 914 1570 915 1570 953 1569 1022 1565 1028 1568 1032 1572 1033 1572 1035 1572 1036 1572 1122 1570 1123 1570 1132 1566 1144 1562 1180 1566 1215 1570 1217 1570 1218 1570 1236 1566 1251 1562 1315 1565 1403 1569 1404 1569 1469 1563 1489 1562 1492 1563 1503 1570 1504 1570 1505 1570 1507 1572 1621 1572 1621 1570 1622 1570 1624 1570 1633 1562 1633 1551 1631 1515 459 1513 461 1554"/></Shape>
	    <String CONTENT="gulphus miracula sactitat ut anus meus cantat. Mox q" HPOS="459.0" VPOS="1513.0" WIDTH="1174.0" HEIGHT="60.0"/>
          </TextLine>

          
          
          <TextLine ID="line_27" TAGREFS="LT4434" BASELINE="459 1605 1636 1601" HPOS="458.0" VPOS="1556.0" WIDTH="1178.0" HEIGHT="67.0">
            <Shape><Polygon POINTS="459 1605 459 1623 514 1613 657 1613 682 1622 683 1622 684 1623 801 1623 801 1622 808 1622 865 1612 901 1620 903 1620 904 1622 978 1622 978 1620 979 1620 980 1620 991 1612 1037 1620 1046 1620 1047 1620 1082 1619 1250 1612 1262 1618 1265 1619 1267 1619 1268 1620 1376 1620 1376 1619 1378 1619 1383 1618 1403 1611 1419 1618 1425 1619 1426 1619 1428 1619 1454 1616 1515 1611 1633 1615 1636 1601 1633 1565 1512 1565 1496 1556 1494 1556 1493 1556 1492 1556 1476 1563 1269 1558 1268 1558 1194 1565 1157 1558 1155 1558 1071 1565 1007 1558 1005 1558 962 1565 904 1558 903 1558 901 1558 900 1558 890 1565 575 1559 573 1559 572 1559 550 1566 500 1559 498 1559 458 1568 459 1605"/></Shape>
	    <String CONTENT="ab ano suo turpes sonos uellet nollet cepit emitterẽ. Quo" HPOS="458.0" VPOS="1556.0" WIDTH="1178.0" HEIGHT="67.0"/>
          </TextLine>

          
          
          <TextLine ID="line_28" TAGREFS="LT4434" BASELINE="459 1656 1654 1650" HPOS="458.0" VPOS="1604.0" WIDTH="1196.0" HEIGHT="75.0">
            <Shape><Polygon POINTS="459 1656 459 1669 487 1669 490 1669 504 1679 505 1679 507 1679 508 1679 587 1670 718 1677 719 1677 721 1677 746 1669 768 1677 769 1677 771 1679 889 1679 889 1677 890 1677 915 1669 1062 1676 1064 1676 1110 1666 1111 1666 1147 1676 1148 1676 1150 1676 1205 1665 1211 1665 1222 1665 1314 1673 1315 1673 1317 1673 1335 1665 1369 1672 1371 1672 1372 1672 1389 1665 1389 1663 1507 1663 1510 1663 1550 1673 1551 1673 1653 1662 1654 1650 1651 1613 1550 1604 1549 1604 1547 1604 1521 1612 1496 1604 1494 1604 1493 1604 1492 1604 1474 1613 1464 1613 1411 1613 1389 1613 1210 1605 1208 1605 1207 1605 1179 1613 1176 1613 1169 1613 1100 1606 1098 1606 1097 1606 1072 1613 1065 1616 919 1616 912 1613 898 1608 897 1608 896 1608 779 1613 698 1619 659 1619 652 1613 646 1609 644 1609 643 1609 641 1609 458 1613 459 1656"/></Shape>
	    <String CONTENT="et postea ꝯtigit om̃i uita sua in sexta fr̃ia in qua uir etꝰ mar" HPOS="458.0" VPOS="1604.0" WIDTH="1196.0" HEIGHT="75.0"/>
          </TextLine>

          
          
          <TextLine ID="line_29" TAGREFS="LT4434" BASELINE="461 1711 1656 1700" HPOS="459.0" VPOS="1659.0" WIDTH="1197.0" HEIGHT="74.0">
            <Shape><Polygon POINTS="461 1711 461 1733 545 1722 758 1720 807 1720 816 1727 821 1730 822 1730 823 1730 825 1730 887 1726 923 1723 941 1725 982 1729 983 1729 1014 1723 1037 1719 1050 1723 1064 1727 1065 1727 1066 1727 1237 1726 1239 1726 1261 1719 1267 1718 1272 1719 1308 1726 1310 1726 1311 1726 1312 1726 1323 1718 1326 1715 1361 1715 1422 1715 1425 1716 1443 1725 1444 1725 1446 1725 1550 1715 1590 1723 1592 1723 1656 1711 1656 1700 1653 1666 1396 1659 1394 1659 1353 1668 1346 1668 1332 1668 1253 1661 1251 1661 1210 1668 1198 1669 1171 1668 1073 1662 1072 1662 1071 1662 1055 1668 1050 1670 1007 1669 908 1663 907 1663 905 1663 889 1669 879 1672 459 1672 461 1711"/></Shape>
	    <String CONTENT="tyr effectus est ut in ip̃a sexta frĩa quociens uerbũ ꝓferret to" HPOS="459.0" VPOS="1659.0" WIDTH="1197.0" HEIGHT="74.0"/>
          </TextLine>

          
          
          <TextLine ID="line_30" TAGREFS="LT4434" BASELINE="464 1766 1646 1756" HPOS="462.0" VPOS="1712.0" WIDTH="1184.0" HEIGHT="119.0">
            <Shape><Polygon POINTS="464 1766 464 1781 515 1781 522 1784 537 1791 539 1791 540 1791 541 1791 552 1786 559 1783 568 1786 577 1790 579 1790 580 1790 582 1790 583 1790 586 1787 595 1780 619 1788 625 1790 626 1790 627 1790 629 1790 632 1788 648 1781 664 1788 665 1788 666 1788 725 1779 758 1787 759 1787 761 1787 762 1787 764 1787 777 1779 833 1787 834 1787 836 1787 837 1787 855 1776 883 1776 940 1790 941 1790 943 1790 944 1790 966 1781 1057 1788 1058 1788 1060 1788 1086 1780 1164 1784 1222 1812 1265 1831 1267 1831 1268 1831 1646 1827 1646 1756 1643 1719 1407 1712 1405 1712 1404 1712 1390 1719 1121 1715 1119 1715 1072 1722 1029 1715 1028 1715 966 1723 861 1718 859 1718 776 1725 743 1718 741 1718 702 1725 644 1718 643 1718 462 1727 464 1766"/></Shape>
	    <String CONTENT="tiens anus eiꝰ cantaret ⁊ turpẽ tonũ emicteret. ¶ Hoc fa" HPOS="462.0" VPOS="1712.0" WIDTH="1184.0" HEIGHT="119.0"/>
          </TextLine>

          
          
          <TextLine ID="line_31" TAGREFS="LT4434" BASELINE="459 1813 1122 1816" HPOS="458.0" VPOS="1770.0" WIDTH="664.0" HEIGHT="111.0">
            <Shape><Polygon POINTS="459 1813 458 1880 508 1880 508 1879 509 1879 564 1854 616 1879 621 1880 622 1880 623 1881 747 1881 747 1880 748 1880 750 1880 752 1877 777 1861 794 1873 796 1873 797 1873 798 1873 825 1868 850 1877 859 1880 861 1880 862 1880 864 1880 865 1880 869 1877 896 1861 940 1866 941 1866 943 1866 976 1855 1076 1855 1103 1875 1104 1877 1105 1877 1107 1877 1108 1877 1121 1875 1122 1816 1118 1772 1090 1779 1048 1772 1044 1772 1043 1772 1032 1772 943 1779 893 1773 876 1772 875 1772 786 1775 664 1777 658 1775 651 1770 650 1770 648 1770 647 1770 646 1770 633 1775 626 1777 459 1777 459 1813"/></Shape>
	    <String CONTENT="cis ad uxorem et młrem malam." HPOS="458.0" VPOS="1770.0" WIDTH="664.0" HEIGHT="111.0"/>
          </TextLine>

          
        </TextBlock>
        
        <TextBlock HPOS="144" VPOS="865" WIDTH="270" HEIGHT="156" ID="block_0" TAGREFS="BT11173">
          <Shape><Polygon POINTS="414 865 414 1021 144 1021 144 865"/></Shape>
          
          
          <TextLine ID="line_0" TAGREFS="LT4434" BASELINE="151 959 407 938" HPOS="145.0" VPOS="880.0" WIDTH="263.0" HEIGHT="100.0">
            <Shape><Polygon POINTS="151 959 154 980 172 969 218 973 219 973 220 973 222 973 222 972 223 972 229 963 270 961 312 973 329 977 330 977 332 977 408 968 407 938 401 883 298 880 297 880 295 880 294 880 284 887 275 894 257 888 247 886 245 886 244 886 243 886 232 890 202 898 145 893 151 959"/></Shape>
	    <String CONTENT="adulte ͫ gẽ" HPOS="145.0" VPOS="880.0" WIDTH="263.0" HEIGHT="100.0"/>
          </TextLine>

          
          
          <TextLine ID="line_1" TAGREFS="LT4434" BASELINE="163 998 311 990" HPOS="161.0" VPOS="951.0" WIDTH="150.0" HEIGHT="83.0">
            <Shape><Polygon POINTS="255 951 233 962 230 965 161 965 163 998 165 1029 202 1034 204 1034 205 1034 220 1029 262 1013 309 1027 311 990 308 961 259 951 258 951 255 951"/></Shape>
	    <String CONTENT="gulfi." HPOS="161.0" VPOS="951.0" WIDTH="150.0" HEIGHT="83.0"/>
          </TextLine>

          
        </TextBlock>
        
        <TextBlock HPOS="1938" VPOS="258" WIDTH="1234" HEIGHT="1626" ID="block_4" TAGREFS="BT11172">
          <Shape><Polygon POINTS="3165 258 3172 1884 1938 1872 1938 258"/></Shape>
          
          
          <TextLine ID="line_34" TAGREFS="LT4434" BASELINE="1981 351 2474 325 3107 308" HPOS="1978.0" VPOS="238.0" WIDTH="1129.0" HEIGHT="121.0">
            <Shape><Polygon POINTS="1981 351 1981 359 2317 354 2318 354 2328 350 2333 347 2358 348 2396 351 2397 351 2399 351 2413 347 2436 337 2625 331 2667 337 2685 340 2686 340 2814 336 2816 336 2824 333 2835 327 2845 331 2849 333 2850 333 2852 333 2853 333 2857 331 2877 323 3107 323 3107 308 3103 244 3028 238 3027 238 3025 238 3006 247 2988 255 2952 250 2923 244 2921 244 2920 244 2918 244 2911 251 2900 259 2602 269 2578 263 2552 255 2550 255 2549 255 2503 256 2502 256 2472 266 2461 270 2409 269 2275 265 2274 265 2272 265 2250 275 2232 283 2213 276 2189 269 2188 269 2186 269 2122 270 2060 273 2058 273 2029 283 2004 291 1978 286 1981 351"/></Shape>
	    <String CONTENT="Adult̾ium punit deus etiã in hac uita. petrus damianus." HPOS="1978.0" VPOS="238.0" WIDTH="1129.0" HEIGHT="121.0"/>
          </TextLine>

          
          
          <TextLine ID="line_35" TAGREFS="LT4434" BASELINE="1975 400 2492 379 3142 365" HPOS="1974.0" VPOS="311.0" WIDTH="1168.0" HEIGHT="100.0">
            <Shape><Polygon POINTS="1975 400 1975 411 2314 394 2447 395 2550 395 2552 395 2553 395 2570 390 2581 387 2597 390 2625 393 2627 393 2628 393 2643 387 2653 383 2757 381 2761 383 2772 388 2774 388 2775 388 2817 381 2845 387 2846 387 2848 387 2881 379 2882 379 2889 379 3052 380 3053 380 3055 380 3088 372 3127 379 3128 379 3130 379 3131 379 3142 369 3142 365 3136 311 3067 322 2946 318 2898 316 2896 316 2868 320 2827 327 2799 323 2795 323 2793 323 2792 323 2791 323 2768 333 2750 325 2747 325 2746 325 2745 325 2743 325 2739 326 2720 333 2704 327 2703 327 2702 327 2700 327 2681 336 2670 329 2663 323 2661 323 2660 323 2659 323 2657 323 2643 330 2625 337 2545 333 2452 329 2450 329 2403 338 2389 343 1974 355 1975 400"/></Shape>
	    <String CONTENT="Cum apud ꝑ mensem urbem in uigłia beatoꝵ g̾uasii ⁊ ꝓchasii" HPOS="1974.0" VPOS="311.0" WIDTH="1168.0" HEIGHT="100.0"/>
          </TextLine>

          
          
          <TextLine ID="line_36" TAGREFS="LT4434" BASELINE="1985 448 2311 433 3156 408" HPOS="1982.0" VPOS="370.0" WIDTH="1174.0" HEIGHT="86.0">
            <Shape><Polygon POINTS="2913 370 2900 370 2860 380 2859 381 2845 381 2336 387 2303 388 2302 388 2300 388 2286 398 2236 391 2235 391 2163 402 2161 402 2160 402 2050 397 2039 397 1982 408 1985 448 1985 456 2595 433 2609 436 2628 440 2629 440 2667 433 2686 430 2699 433 2721 437 2722 437 2888 426 2907 425 2921 425 3074 426 3075 426 3155 415 3156 408 3152 372 2959 376 2918 370 2913 370"/></Shape>
	    <String CONTENT="uir quidam mane surg̾et ⁊ boues suos ad pascua remotiora du" HPOS="1982.0" VPOS="370.0" WIDTH="1174.0" HEIGHT="86.0"/>
          </TextLine>

          
          
          <TextLine ID="line_37" TAGREFS="LT4434" BASELINE="1990 495 2345 480 3157 459" HPOS="1988.0" VPOS="413.0" WIDTH="1169.0" HEIGHT="93.0">
            <Shape><Polygon POINTS="2574 426 2549 426 2543 427 2531 427 2364 433 2363 433 2331 444 2328 444 2325 444 2285 434 2279 436 2275 436 2252 445 2250 445 2195 440 2193 440 1988 452 1990 495 1990 500 2036 506 2038 506 2211 495 2235 493 3156 472 3157 459 3153 422 3038 423 3016 413 3014 413 3013 413 3011 413 2985 425 2913 427 2906 429 2763 431 2746 425 2745 425 2743 425 2664 433 2639 425 2638 425 2636 425 2635 425 2607 433 2575 426 2574 426"/></Shape>
	    <String CONTENT="ceret. qͥdam uicinus suus se illũ febricitatem simulans lectũ" HPOS="1988.0" VPOS="413.0" WIDTH="1169.0" HEIGHT="93.0"/>
          </TextLine>

          
          
          <TextLine ID="line_38" TAGREFS="LT4434" BASELINE="1990 545 2363 530 3163 512" HPOS="1988.0" VPOS="463.0" WIDTH="1175.0" HEIGHT="93.0">
            <Shape><Polygon POINTS="2017 495 2003 495 2001 494 1988 494 1990 545 1990 556 2420 538 2597 538 2782 538 2782 537 2829 530 2853 527 2920 527 3099 529 3100 529 3163 519 3163 512 3159 463 3067 473 2022 494 2017 495"/></Shape>
	    <String CONTENT="uxoris ingreditur. Quem uxor maritũ febricitantem estimãs" HPOS="1988.0" VPOS="463.0" WIDTH="1175.0" HEIGHT="93.0"/>
          </TextLine>

          
          
          <TextLine ID="line_39" TAGREFS="LT4434" BASELINE="1981 600 3182 561" HPOS="1978.0" VPOS="518.0" WIDTH="1204.0" HEIGHT="98.0">
            <Shape><Polygon POINTS="2909 518 2877 530 2874 531 2763 533 2761 533 2725 523 2724 523 2722 523 2603 537 2582 540 2577 538 2557 531 2556 531 2554 531 2479 541 2465 543 2461 541 2440 534 2439 534 2438 534 2282 537 1978 555 1981 600 1981 609 2013 616 2014 616 2149 605 2195 602 2200 604 2213 609 2214 609 2215 609 2288 602 2329 598 2399 600 2493 601 2495 601 2571 595 2668 587 2754 590 2793 591 2795 591 2807 588 2841 581 2985 584 3009 584 3010 584 3020 583 3081 575 3180 579 3182 561 3178 522 2968 527 2964 527 2917 518 2909 518"/></Shape>
	    <String CONTENT="amplectit᷑. Qmͣ ille uiolatis statĩ recessit. Nec multo post ma" HPOS="1978.0" VPOS="518.0" WIDTH="1204.0" HEIGHT="98.0"/>
          </TextLine>

          
          
          <TextLine ID="line_40" TAGREFS="LT4434" BASELINE="1988 656 2208 644 3148 616" HPOS="1985.0" VPOS="577.0" WIDTH="1163.0" HEIGHT="91.0">
            <Shape><Polygon POINTS="1988 656 1988 668 2302 651 2329 656 2345 659 2346 659 2347 659 2364 655 2392 648 2410 654 2421 656 2422 656 2424 656 2425 656 2434 652 2447 645 2577 643 2593 647 2611 651 2613 651 2614 651 2616 651 2629 645 2635 643 2667 644 2746 647 2747 647 2885 636 2917 633 2923 634 2946 640 2948 640 2949 640 3103 636 3146 625 3148 616 3142 577 2881 586 2877 584 2861 579 2860 579 2859 579 2857 579 2838 586 2834 587 2828 586 2807 581 2806 581 2664 591 2613 594 2593 593 2532 588 2531 588 2529 588 2528 588 2521 595 2518 597 2511 595 2478 590 2477 590 2427 598 2424 598 2421 598 2389 593 2388 593 1985 611 1988 656"/></Shape>
	    <String CONTENT="ritus redit stratum repetit cui uxor exprobrans ait. Optĩe" HPOS="1985.0" VPOS="577.0" WIDTH="1163.0" HEIGHT="91.0"/>
          </TextLine>

          
          
          <TextLine ID="line_41" TAGREFS="LT4434" BASELINE="1982 704 3146 668" HPOS="1981.0" VPOS="622.0" WIDTH="1165.0" HEIGHT="100.0">
            <Shape><Polygon POINTS="2035 655 2025 655 1981 663 1982 704 1982 713 2020 722 2021 722 2022 722 2024 722 2035 712 2039 711 2057 712 2126 718 2128 718 2129 718 2157 709 2167 705 2406 700 2414 702 2434 708 2435 708 2436 708 2438 708 2452 701 2459 697 2518 695 2532 698 2561 705 2563 705 2607 704 2609 704 2610 704 2620 695 2624 694 2639 695 2696 701 2697 701 2742 693 2743 693 2784 698 2785 698 2786 698 2800 691 2804 688 2810 690 2829 697 2831 697 2832 697 2874 688 2878 688 2885 688 2964 693 2966 693 3145 680 3146 668 3143 630 3109 622 3107 622 3106 622 3088 631 3085 633 2942 636 2941 636 2913 626 2911 626 2910 626 2909 626 2888 637 2863 638 2820 640 2809 640 2756 636 2754 636 2699 643 2696 643 2695 643 2667 634 2666 634 2664 634 2663 634 2629 645 2627 645 2625 645 2599 637 2597 637 2596 637 2549 644 2507 638 2506 638 2370 651 2286 645 2285 645 2283 645 2254 654 2240 647 2239 647 2238 647 2178 658 2151 650 2150 650 2149 650 2147 650 2104 661 2101 661 2097 661 2040 654 2035 655"/></Shape>
	    <String CONTENT="pot̾is hodie eccłiam scõꝵ martyꝵ ingredi que cͥ ꝯtigua est" HPOS="1981.0" VPOS="622.0" WIDTH="1165.0" HEIGHT="100.0"/>
          </TextLine>

          
          
          <TextLine ID="line_42" TAGREFS="LT4434" BASELINE="1990 754 3128 723" HPOS="1989.0" VPOS="676.0" WIDTH="1139.0" HEIGHT="89.0">
            <Shape><Polygon POINTS="1990 754 1990 765 2131 765 2131 763 2132 763 2139 761 2151 756 2168 761 2185 763 2186 763 2188 763 2189 763 2193 759 2199 755 2218 759 2243 763 2245 763 2246 763 2247 763 2247 762 2253 758 2258 754 2277 758 2299 762 2300 762 2302 762 2303 762 2310 756 2315 752 2404 750 2463 754 2504 756 2506 756 2527 752 2559 745 2590 751 2609 754 2610 754 2639 750 2682 744 2729 748 2753 750 2754 750 2781 747 2838 740 2859 745 2866 747 2867 747 2868 747 3128 738 3128 723 3125 683 3096 676 3095 676 3093 676 3092 676 3073 686 2991 686 2974 679 2973 679 2971 679 2970 679 2945 687 2721 686 2720 686 2718 686 2717 686 2703 694 2629 688 2628 688 2627 688 2606 697 2603 697 2534 691 2532 691 2420 701 2406 694 2404 694 2403 694 2402 694 2378 701 2145 701 2143 701 2142 701 2122 709 2121 711 1989 712 1990 754"/></Shape>
	    <String CONTENT="cum cet̾is xp̃ianis. Cumq ille attonitus inquireret quid" HPOS="1989.0" VPOS="676.0" WIDTH="1139.0" HEIGHT="89.0"/>
          </TextLine>

          
          
          <TextLine ID="line_43" TAGREFS="LT4434" BASELINE="1986 801 3148 772" HPOS="1985.0" VPOS="734.0" WIDTH="1163.0" HEIGHT="79.0">
            <Shape><Polygon POINTS="1986 801 1986 813 2311 813 2311 812 2377 802 2381 802 2383 802 2417 809 2418 809 2479 800 2485 800 2488 800 2536 806 2538 806 2539 806 2540 806 2552 798 2553 797 2614 797 2616 797 2703 802 2704 802 2760 793 2763 793 2766 793 2856 798 2857 798 2859 798 2888 790 2979 795 2981 795 3148 781 3148 772 3145 737 2943 734 2942 734 2941 734 2916 741 2900 734 2899 734 2898 734 2736 744 2704 738 2703 738 2578 750 2574 750 2570 750 2371 747 2370 747 2368 747 2367 747 2354 755 2353 755 2346 755 2207 751 2206 751 2154 761 2147 761 2142 761 2096 754 2095 754 1985 763 1986 801"/></Shape>
	    <String CONTENT="loqueretur et per orđiem rem didiciss cõsternati m̃te cogno" HPOS="1985.0" VPOS="734.0" WIDTH="1163.0" HEIGHT="79.0"/>
          </TextLine>

          
          
          <TextLine ID="line_44" TAGREFS="LT4434" BASELINE="1982 855 3142 830" HPOS="1981.0" VPOS="787.0" WIDTH="1161.0" HEIGHT="81.0">
            <Shape><Polygon POINTS="1982 855 1982 862 2208 868 2210 868 2260 858 2268 863 2270 863 2271 863 2272 863 2517 852 2534 852 2535 852 2557 861 2559 861 2560 861 2663 858 2664 858 2692 850 2696 847 2784 847 2788 847 2817 855 2818 855 2820 855 2948 852 2949 852 2950 852 2963 844 2966 843 2985 844 3075 850 3077 850 3142 840 3142 830 3139 788 2821 787 2820 787 2818 787 2817 787 2806 795 2804 795 2800 795 2764 788 2763 788 2761 788 2743 797 2741 797 2734 797 2679 790 2678 790 2589 800 2585 800 2582 800 2552 793 2550 793 2511 801 2510 801 2489 794 2488 794 2486 794 2427 802 2365 797 2364 797 2271 806 2265 806 2263 806 2235 800 2233 800 2232 800 2231 800 2208 808 2207 808 2202 808 2143 802 2142 802 1981 812 1982 855"/></Shape>
	    <String CONTENT="u̾nt se ẽẽ delusos. Tandẽ resũpto spũ uindc̃am a dño postu" HPOS="1981.0" VPOS="787.0" WIDTH="1161.0" HEIGHT="81.0"/>
          </TextLine>

          
          
          <TextLine ID="line_45" TAGREFS="LT4434" BASELINE="1978 908 3155 884" HPOS="1976.0" VPOS="843.0" WIDTH="1179.0" HEIGHT="80.0">
            <Shape><Polygon POINTS="1978 908 1978 923 2054 916 2088 922 2089 922 2090 922 2117 913 2195 919 2196 919 2197 919 2213 912 2511 912 2638 912 2638 911 2727 905 2836 900 2853 902 2874 906 2875 906 3153 894 3155 884 3150 843 2336 852 2335 852 2310 859 2306 859 2289 859 2174 855 2172 855 1976 865 1978 908"/></Shape>
	    <String CONTENT="labant ⁊ ut latentẽ adult̾ium notum faceret. mox adulter de" HPOS="1976.0" VPOS="843.0" WIDTH="1179.0" HEIGHT="80.0"/>
          </TextLine>

          
          
          <TextLine ID="line_46" TAGREFS="LT4434" BASELINE="1981 959 3148 941" HPOS="1979.0" VPOS="893.0" WIDTH="1169.0" HEIGHT="84.0">
            <Shape><Polygon POINTS="1981 959 1983 977 1994 969 2024 976 2025 976 2026 976 2029 976 2076 968 2145 975 2157 975 2158 975 2172 973 2250 963 2386 969 2427 970 2428 970 2429 970 2438 968 2464 961 2586 965 2592 965 2593 965 2595 965 2635 958 2657 963 2667 966 2668 966 2670 966 2707 963 2786 955 2832 961 2859 963 2860 963 2878 959 2899 955 3146 955 3148 941 3143 893 3105 900 3016 894 2998 894 2996 894 2995 894 2993 894 2993 895 2984 901 2946 895 2939 895 2938 895 2929 897 2874 904 2829 898 2816 897 2814 897 2802 898 2764 905 2718 900 2697 898 2696 898 2695 898 2688 901 2671 906 2634 902 2614 900 2613 900 2592 902 2556 908 2482 905 2429 902 2428 902 2386 906 2331 913 1979 913 1981 959"/></Shape>
	    <String CONTENT="mone plenus et se ip̃m lacerans eccłiam intrauit. mͦ ĩ altũ" HPOS="1979.0" VPOS="893.0" WIDTH="1169.0" HEIGHT="84.0"/>
          </TextLine>

          
          
          <TextLine ID="line_47" TAGREFS="LT4434" BASELINE="1982 1008 3143 991" HPOS="1981.0" VPOS="948.0" WIDTH="1162.0" HEIGHT="74.0">
            <Shape><Polygon POINTS="1982 1008 1982 1018 2263 1022 2264 1022 2265 1022 2267 1022 2277 1013 2278 1013 2299 1013 2432 1019 2434 1019 2486 1011 2492 1011 2493 1011 2510 1018 2511 1018 2513 1018 2514 1018 2534 1011 2535 1011 2539 1011 2641 1016 2642 1016 2696 1008 2702 1008 2704 1008 2753 1015 2754 1015 2756 1015 2777 1006 2778 1006 2788 1013 2789 1013 2791 1013 2792 1013 2853 1006 2948 1012 2949 1012 3142 1001 3143 991 3141 955 3038 950 3036 950 3035 950 3013 956 3011 956 3010 956 2971 948 2970 948 2968 948 2934 958 2931 958 2929 958 2885 950 2884 950 2882 950 2881 950 2870 958 2779 951 2778 951 2777 951 2760 958 2677 952 2675 952 2674 952 2650 962 2650 963 2636 963 2535 963 2502 955 2500 955 2358 966 2340 958 2339 958 2288 958 2286 958 2285 958 2283 958 2267 969 2071 969 2047 962 2046 962 2045 962 2043 962 2042 962 2029 970 1993 963 1992 963 1990 963 1989 963 1981 969 1982 1008"/></Shape>
	    <String CONTENT="uolans mͦ g̾uissimo ĩpetu ĩ una se p̾cipitans. mͦ ad ꝑietem" HPOS="1981.0" VPOS="948.0" WIDTH="1162.0" HEIGHT="74.0"/>
          </TextLine>

          
          
          <TextLine ID="line_48" TAGREFS="LT4434" BASELINE="1978 1056 3142 1041" HPOS="1975" VPOS="997" WIDTH="1165" HEIGHT="71">
            <Shape><Polygon POINTS="1977 1054 1977 1068 3138 1054 3140 1039 3134 997 1975 1010 1977 1054"/></Shape>
	    <String CONTENT="capud elidens mͦ ad pauim̃tum se ꝓsternens. Tandem ĩfelicẽ" HPOS="1975" VPOS="997" WIDTH="1165" HEIGHT="71"/>
          </TextLine>

          
          
          <TextLine ID="line_49" TAGREFS="LT4434" BASELINE="1958 1108 2823 1098 3141 1095" HPOS="1954" VPOS="1045" WIDTH="1186" HEIGHT="84">
            <Shape><Polygon POINTS="1956 1106 1956 1125 2292 1118 2311 1120 2361 1129 2363 1129 2425 1118 2448 1116 2473 1118 2556 1127 2559 1127 2561 1127 2602 1116 2615 1114 2642 1116 2746 1125 2748 1125 2959 1112 2992 1110 3005 1110 3084 1120 3086 1120 3138 1108 3140 1093 3134 1045 1954 1062 1956 1106"/></Shape>
	    <String CONTENT="aĩam coram ppło exalauit. ¶ Hoc ⁊̃ u ad fraudẽ ⁊ dolũ decepⁿͤᶻ." HPOS="1954" VPOS="1045" WIDTH="1186" HEIGHT="84"/>
          </TextLine>

          
          
          <TextLine ID="line_50" TAGREFS="LT4434" BASELINE="1968 1158 3152 1147" HPOS="1965" VPOS="1097" WIDTH="1185" HEIGHT="84">
            <Shape><Polygon POINTS="2696 1100 2694 1100 2692 1100 2690 1100 2688 1102 2669 1112 1965 1112 1967 1156 1967 1172 2436 1181 2438 1181 2440 1181 2479 1168 2484 1168 2531 1168 2877 1177 2879 1177 3148 1162 3150 1145 3144 1097 2867 1110 2848 1100 2846 1100 2844 1100 2842 1100 2825 1100 2734 1110 2707 1102 2698 1100 2696 1100"/></Shape>
	    <String CONTENT="Adult̾ium ⁊̃ aues athoruent. Cesarius In ⟦curia⟧ curia cꝰ" HPOS="1965" VPOS="1097" WIDTH="1185" HEIGHT="84"/>
          </TextLine>

          
          
          <TextLine ID="line_51" TAGREFS="LT4434" BASELINE="1954 1204 2452 1206 3155 1198" HPOS="1950" VPOS="1152" WIDTH="1202" HEIGHT="73">
            <Shape><Polygon POINTS="1952 1202 1952 1225 3152 1222 3152 1197 3146 1152 1950 1164 1952 1202"/></Shape>
	    <String CONTENT="dam militis erat cycomaꝵ maris. s. et femĩe. Illa ab" HPOS="1950" VPOS="1152" WIDTH="1202" HEIGHT="73"/>
          </TextLine>

          
          
          <TextLine ID="line_52" TAGREFS="LT4434" BASELINE="1971 1254 3155 1251" HPOS="1967" VPOS="1212" WIDTH="1185" HEIGHT="58">
            <Shape><Polygon POINTS="1969 1270 3150 1266 3152 1250 3146 1212 1967 1214 1969 1252"/></Shape>
	    <String CONTENT="sente masculo aduiterium frequent̾ admittens paludi que" HPOS="1967" VPOS="1212" WIDTH="1185" HEIGHT="58"/>
          </TextLine>

          
          
          <TextLine ID="line_53" TAGREFS="LT4434" BASELINE="1971 1302 3152 1305" HPOS="1967" VPOS="1256" WIDTH="1183" HEIGHT="62">
            <Shape><Polygon POINTS="1969 1300 1967 1314 3146 1318 3150 1304 3146 1256 1969 1258 1969 1300"/></Shape>
	    <String CONTENT="domui proxima erat se ĩmergebat. Quod cũ miles notass" HPOS="1967" VPOS="1256" WIDTH="1183" HEIGHT="62"/>
          </TextLine>

          
          
          <TextLine ID="line_54" TAGREFS="LT4434" BASELINE="1974 1355 3155 1352" HPOS="1971" VPOS="1312" WIDTH="1181" HEIGHT="65">
            <Shape><Polygon POINTS="1973 1354 1973 1368 3148 1377 3152 1350 3146 1312 1971 1314 1973 1354"/></Shape>
	    <String CONTENT="causam scire uolens fossam cepib operiri p̾cepit. Cum gͥ illa" HPOS="1971" VPOS="1312" WIDTH="1181" HEIGHT="65"/>
          </TextLine>

          
          
          <TextLine ID="line_55" TAGREFS="LT4434" BASELINE="1972 1397 2563 1405 3155 1402" HPOS="1969" VPOS="1364" WIDTH="1183" HEIGHT="65">
            <Shape><Polygon POINTS="1971 1395 1969 1416 2559 1429 2561 1429 3150 1418 3152 1400 3148 1364 1971 1364 1971 1395"/></Shape>
	    <String CONTENT="admisso scelere solitam aqmͣ pet̾et nec ei ing̾ssus pat̾et ĩt̾im" HPOS="1969" VPOS="1364" WIDTH="1183" HEIGHT="65"/>
          </TextLine>

          
          
          <TextLine ID="line_56" TAGREFS="LT4434" BASELINE="1968 1448 3156 1452" HPOS="1965" VPOS="1404" WIDTH="1190" HEIGHT="66">
            <Shape><Polygon POINTS="1967 1447 1965 1470 3152 1466 3155 1450 3152 1406 1967 1404 1967 1447"/></Shape>
	    <String CONTENT="mas uẽit cͥmen agnouit adulteram rostro ĩpetiuit. ad cuiꝰ" HPOS="1965" VPOS="1404" WIDTH="1190" HEIGHT="66"/>
          </TextLine>

          
          
          <TextLine ID="line_57" TAGREFS="LT4434" BASELINE="1968 1504 3134 1498" HPOS="1967.0" VPOS="1458.0" WIDTH="1167.0" HEIGHT="67.0">
            <Shape><Polygon POINTS="1968 1504 1968 1515 2071 1515 2078 1515 2145 1525 2146 1525 2147 1525 2167 1515 2175 1515 2271 1520 2272 1520 2349 1515 2364 1513 2379 1513 2485 1523 2486 1523 2488 1523 2517 1516 2841 1522 2842 1522 3132 1511 3134 1498 3131 1466 3086 1459 3085 1459 2735 1465 2639 1466 2636 1465 2627 1458 2625 1458 2624 1458 2622 1458 2621 1458 2599 1465 2595 1466 2589 1465 2567 1458 2565 1458 2564 1458 2515 1465 2493 1468 2452 1465 2395 1461 2393 1461 2392 1461 2375 1465 2363 1468 2358 1465 2352 1459 2350 1459 2349 1459 2270 1459 2268 1459 2267 1459 2253 1465 2239 1469 2200 1465 2165 1461 2164 1461 1967 1463 1968 1504"/></Shape>
	    <String CONTENT="int̾fectõem cum solus nõ suffic̾et cum furore auolans et" HPOS="1967.0" VPOS="1458.0" WIDTH="1167.0" HEIGHT="67.0"/>
          </TextLine>

          
          
          <TextLine ID="line_58" TAGREFS="LT4434" BASELINE="1969 1555 3134 1555" HPOS="1969.0" VPOS="1515.0" WIDTH="1165.0" HEIGHT="61.0">
            <Shape><Polygon POINTS="1969 1555 1969 1569 1983 1576 1985 1576 1986 1576 2026 1568 2028 1568 2031 1568 2060 1576 2061 1576 2063 1576 2064 1576 2097 1568 2100 1568 2132 1568 2556 1576 2557 1576 2559 1576 2586 1568 2588 1568 2589 1568 2664 1576 2666 1576 3134 1566 3134 1555 3134 1518 1969 1515 1969 1555"/></Shape>
	    <String CONTENT="post horam rediens multis cytoniis sibi associatis in oculis" HPOS="1969.0" VPOS="1515.0" WIDTH="1165.0" HEIGHT="61.0"/>
          </TextLine>

          
          
          <TextLine ID="line_59" TAGREFS="LT4434" BASELINE="1967 1605 2868 1608 3142 1601" HPOS="1967.0" VPOS="1561.0" WIDTH="1175.0" HEIGHT="69.0">
            <Shape><Polygon POINTS="1967 1605 1967 1619 2136 1619 2156 1629 2157 1629 2158 1629 2239 1619 2381 1619 2407 1629 2409 1629 2410 1629 2457 1619 2500 1629 2502 1629 2503 1629 2536 1620 2560 1629 2561 1629 2563 1629 2614 1620 2650 1629 2652 1629 2653 1629 2696 1622 2721 1629 2722 1629 2724 1630 2957 1630 2957 1629 3017 1619 3031 1629 3032 1629 3034 1629 3035 1630 3077 1630 3077 1629 3141 1618 3142 1601 3139 1570 3006 1561 3005 1561 3003 1561 2979 1569 2977 1569 2970 1569 2920 1561 2918 1561 2803 1568 2759 1569 2735 1566 2691 1561 2689 1561 2688 1561 2686 1561 2679 1566 2672 1570 2328 1570 2300 1563 2289 1561 2288 1561 2224 1562 2042 1568 1967 1561 1967 1605"/></Shape>
	    <String CONTENT="oĩm qui in curia aderant miseram int̾fecit. ¶ Hoc ⁊̃ ualet" HPOS="1967.0" VPOS="1561.0" WIDTH="1175.0" HEIGHT="69.0"/>
          </TextLine>

          
          
          <TextLine ID="line_60" TAGREFS="LT4434" BASELINE="1953 1662 3000 1662" HPOS="1953.0" VPOS="1615.0" WIDTH="1047.0" HEIGHT="68.0">
            <Shape><Polygon POINTS="1953 1662 1953 1670 2056 1681 2057 1681 2122 1672 2125 1672 2220 1672 2224 1672 2275 1681 2277 1683 2382 1683 2382 1681 2383 1681 2403 1672 2404 1672 2500 1672 2503 1673 2527 1681 2528 1681 2529 1681 2561 1675 2585 1681 2586 1681 2588 1681 2725 1673 2756 1672 2839 1673 2853 1673 2863 1681 2864 1681 2866 1681 2867 1681 3000 1673 3000 1662 2999 1620 2848 1623 2834 1620 2811 1615 2810 1615 2809 1615 2807 1615 2806 1615 2799 1620 2795 1625 2725 1625 2713 1620 2691 1615 2689 1615 2688 1615 2629 1620 2604 1623 2579 1620 2520 1615 2518 1615 2517 1615 2497 1622 2489 1623 2440 1622 2324 1616 2322 1616 2321 1616 2306 1622 2303 1623 2299 1622 2285 1616 2283 1616 2282 1616 2281 1616 2261 1622 2256 1623 2253 1622 2242 1616 2240 1616 2239 1616 2238 1616 2215 1622 2210 1623 2208 1622 2197 1615 2196 1615 2195 1615 2038 1615 2036 1615 2035 1615 2015 1622 1974 1615 1972 1615 1971 1615 1953 1622 1953 1662"/></Shape>
	    <String CONTENT="ad castitatem ⁊ ad ꝯfessionẽ ubi omĩa mũdantur." HPOS="1953.0" VPOS="1615.0" WIDTH="1047.0" HEIGHT="68.0" WC="0.9838125"/>
          </TextLine>

          
          
          <TextLine ID="line_61" TAGREFS="LT4434" BASELINE="1951 1709 3109 1715" HPOS="1951.0" VPOS="1666.0" WIDTH="1158.0" HEIGHT="70.0">
            <Shape><Polygon POINTS="1951 1709 1951 1730 1990 1722 2053 1722 2067 1731 2068 1731 2070 1731 2071 1731 2089 1731 2238 1722 2254 1731 2256 1733 2257 1733 2258 1733 2260 1733 2279 1731 2354 1725 2484 1731 2531 1734 2532 1734 2574 1733 2700 1725 2857 1726 2879 1733 2889 1736 2891 1736 2892 1736 3107 1733 3109 1715 3109 1680 3073 1670 3071 1670 3070 1670 2945 1679 2938 1679 2936 1679 2913 1670 2911 1670 2910 1670 2788 1677 2770 1669 2768 1669 2767 1669 2766 1669 2743 1677 2515 1677 2511 1677 2461 1668 2460 1668 2418 1676 2415 1677 2258 1677 2250 1676 2193 1666 2192 1666 1951 1673 1951 1709"/></Shape>
	    <String CONTENT="Aduocatus. Aduocatoꝵ cautele alñ sunt periculose ." HPOS="1951.0" VPOS="1666.0" WIDTH="1158.0" HEIGHT="70.0"/>
          </TextLine>

          
          
          <TextLine ID="line_62" TAGREFS="LT4434" BASELINE="1967 1766 3153 1763" HPOS="1965.0" VPOS="1720.0" WIDTH="1188.0" HEIGHT="70.0">
            <Shape><Polygon POINTS="1967 1766 1967 1788 2100 1777 2261 1777 2304 1784 2313 1786 2314 1786 2315 1786 2320 1784 2340 1779 2358 1784 2377 1790 2378 1790 2379 1790 2415 1783 2434 1780 2447 1783 2477 1790 2478 1790 2479 1790 2499 1783 2509 1779 2517 1781 2535 1790 2536 1790 2538 1790 2539 1790 2559 1781 2560 1781 2563 1781 2610 1788 2611 1788 2613 1788 2635 1780 2645 1777 2654 1780 2666 1784 2667 1784 2668 1784 2721 1779 2734 1779 2735 1779 2753 1788 2754 1788 2756 1790 2892 1790 2892 1788 2893 1788 2895 1788 2903 1781 2921 1788 2923 1788 2924 1790 3043 1790 3043 1788 3045 1788 3067 1776 3153 1773 3153 1763 3150 1733 3084 1725 3082 1725 3050 1731 3048 1731 3043 1731 3011 1723 3010 1723 3009 1723 2968 1730 2960 1731 2540 1726 2449 1726 2447 1726 2446 1726 2406 1733 2354 1725 2324 1720 2322 1720 2321 1720 2313 1725 2299 1733 2286 1725 2283 1722 2282 1722 2281 1722 1965 1722 1967 1766"/></Shape>
	    <String CONTENT="Agellius. Quidam adolescens tradidit se pictagore so" HPOS="1965.0" VPOS="1720.0" WIDTH="1188.0" HEIGHT="70.0"/>
          </TextLine>

          
          
          <TextLine ID="line_63" TAGREFS="LT4434" BASELINE="1950 1815 3139 1820" HPOS="1949.0" VPOS="1772.0" WIDTH="1190.0" HEIGHT="100.0">
            <Shape><Polygon POINTS="1950 1815 1949 1859 2031 1854 2063 1862 2085 1868 2086 1868 2088 1868 2125 1862 2135 1861 2140 1862 2157 1868 2158 1868 2160 1868 2161 1868 2163 1868 2170 1862 2183 1854 2242 1854 2345 1854 2358 1863 2368 1869 2370 1869 2371 1869 2372 1869 2409 1863 2454 1855 2502 1863 2545 1870 2546 1870 2604 1863 2611 1863 2628 1863 2757 1870 2759 1870 2760 1870 2775 1865 2796 1856 2896 1856 2914 1865 2931 1872 2932 1872 2934 1872 3138 1865 3139 1820 3136 1781 2546 1783 2528 1776 2524 1775 2522 1775 2521 1775 2507 1776 2459 1781 2429 1775 2418 1773 2417 1773 2415 1773 2411 1775 2397 1783 2339 1783 2306 1775 2300 1773 2299 1773 2297 1773 2296 1773 2296 1775 2285 1781 2239 1773 2227 1772 1950 1772 1950 1815"/></Shape>
	    <String CONTENT="phiste ad discendam eloquẽtiã in causis ꝑorandis pepigit" HPOS="1949.0" VPOS="1772.0" WIDTH="1190.0" HEIGHT="100.0"/>
          </TextLine>

          
        </TextBlock>
        
        <TextBlock HPOS="1950" VPOS="168" WIDTH="131" HEIGHT="89" ID="block_5" TAGREFS="BT11175">
          <Shape><Polygon POINTS="2081 168 2081 257 1950 257 1950 168"/></Shape>
          
          
          <TextLine ID="line_32" TAGREFS="LT4434" BASELINE="1979 219 2029 218" HPOS="1976.0" VPOS="158.0" WIDTH="53.0" HEIGHT="86.0">
            <Shape><Polygon POINTS="1979 219 1979 233 2013 244 2014 244 2015 244 2017 244 2018 244 2018 243 2029 231 2029 218 2025 158 1976 169 1979 219"/></Shape>
	    <String CONTENT=".ix." HPOS="1976.0" VPOS="158.0" WIDTH="53.0" HEIGHT="86.0"/>
          </TextLine>

          
        </TextBlock>
        
        <TextBlock HPOS="3160" VPOS="283" WIDTH="324" HEIGHT="119" ID="block_1" TAGREFS="BT11173">
          <Shape><Polygon POINTS="3484 283 3484 402 3160 402 3160 283"/></Shape>
          
          
          <TextLine ID="line_64" TAGREFS="LT4434" BASELINE="3174 370 3477 355" HPOS="3173.0" VPOS="337.0" WIDTH="304.0" HEIGHT="61.0">
            <Shape><Polygon POINTS="3437 356 3423 356 3409 356 3395 356 3381 359 3367 359 3353 359 3339 359 3325 359 3312 359 3298 359 3284 359 3270 359 3256 359 3242 359 3228 359 3214 359 3200 359 3186 359 3173 359 3174 370 3174 397 3230 391 3309 397 3342 398 3343 398 3345 398 3346 398 3349 395 3368 384 3389 393 3391 393 3392 394 3477 394 3477 355 3473 337 3435 338 3437 356"/></Shape>
	    <String CONTENT="adulte̵̵ pnĩt de" HPOS="3173.0" VPOS="337.0" WIDTH="304.0" HEIGHT="61.0"/>
          </TextLine>

          
        </TextBlock>
        
        <TextBlock HPOS="3268" VPOS="156" WIDTH="117" HEIGHT="83" ID="block_6" TAGREFS="BT11175">
          <Shape><Polygon POINTS="3385 156 3385 239 3268 239 3268 156"/></Shape>
          
          
          <TextLine ID="line_33" TAGREFS="LT4434" BASELINE="3298 218 3348 215" HPOS="3293.0" VPOS="166.0" WIDTH="55.0" HEIGHT="72.0">
            <Shape><Polygon POINTS="3298 218 3298 238 3348 230 3348 215 3343 166 3293 166 3298 218"/></Shape>
	    <String CONTENT="10" HPOS="3293.0" VPOS="166.0" WIDTH="55.0" HEIGHT="72.0"/>
          </TextLine>

          
        </TextBlock>
        
        <TextBlock HPOS="3146" VPOS="1033" WIDTH="359" HEIGHT="246" ID="block_2" TAGREFS="BT11173">
          <Shape><Polygon POINTS="3505 1033 3499 1273 3158 1279 3146 1076"/></Shape>
          
          
          <TextLine ID="line_65" TAGREFS="LT4434" BASELINE="3235 1147 3288 1147" HPOS="3235" VPOS="1081" WIDTH="53" HEIGHT="82">
            <Shape><Polygon POINTS="3235 1147 3235 1158 3287 1163 3288 1147 3288 1090 3235 1081 3235 1147"/></Shape>
	    <String CONTENT=".iii." HPOS="3235" VPOS="1081" WIDTH="53" HEIGHT="82"/>
          </TextLine>

          
          
          <TextLine ID="line_66" TAGREFS="LT4434" BASELINE="3324 1138 3475 1130" HPOS="3321" VPOS="1088" WIDTH="154" HEIGHT="60">
            <Shape><Polygon POINTS="3324 1138 3324 1147 3475 1148 3475 1130 3467 1088 3453 1097 3437 1091 3428 1090 3427 1090 3425 1090 3321 1104 3324 1138"/></Shape>
	    <String CONTENT="cesariꝰ. iii" HPOS="3321" VPOS="1088" WIDTH="154" HEIGHT="60" WC="0.98915"/>
          </TextLine>

          
          
          <TextLine ID="eSc_line_b8b5f8c1" TAGREFS="LT4434" BASELINE="3175 1251 3485 1250" HPOS="3173" VPOS="1170" WIDTH="311" HEIGHT="123">
            <Shape><Polygon POINTS="3382 1210 3378 1210 3373 1214 3271 1214 3261 1210 3257 1210 3255 1206 3175 1170 3173 1250 3173 1289 3432 1283 3482 1293 3484 1250 3482 1170 3419 1175 3417 1175 3415 1175 3415 1177 3382 1204 3382 1210"/></Shape>
	    <String CONTENT="adulͫ cyᷠͥᷤ . cõse" HPOS="3173" VPOS="1170" WIDTH="311" HEIGHT="123"/>
          </TextLine>

          
        </TextBlock>
        
        <TextBlock HPOS="3274" VPOS="1674" WIDTH="192" HEIGHT="182" ID="eSc_textblock_e0c6f658" TAGREFS="BT11173">
          <Shape><Polygon POINTS="3274 1674 3274 1856 3466 1856 3466 1674"/></Shape>
          
          
          <TextLine ID="line_68" TAGREFS="LT4434" BASELINE="3331 1759 3423 1759" HPOS="3331" VPOS="1713" WIDTH="92" HEIGHT="112">
            <Shape><Polygon POINTS="3331 1759 3331 1825 3374 1818 3421 1825 3423 1759 3423 1713 3331 1713 3331 1759"/></Shape>
	    <String CONTENT="agelliꝰ" HPOS="3331" VPOS="1713" WIDTH="92" HEIGHT="112"/>
          </TextLine>

          
        </TextBlock>
        

        
      </PrintSpace>
    </Page>
  </Layout>
</alto>
