1877 2500
250.0 159.0 1172.0 95.0 siue scienter siue in cogitatione mala siue

247.0 265.0 1182.0 96.0 in uerbo. seu in opere uel etiam assiduita

244.0 369.0 1105.0 93.0 te uel delectatione peccati. siue in die

240.0 470.0 1121.0 89.0 siue in nocte horis atq momentis siue

247.0 572.0 1232.0 98.0 uigilans. siue dormiens. seu qualicumq

250.0 680.0 1175.0 89.0 causa cogitassem. aut facere uoluissem.

255.0 786.0 1151.0 90.0 et opere perpetrassem contra dĩ uolun

243 877 1096 111 tatẽ. Sic ego hodie omnia tibi dõ ac

244.0 983.0 1109.0 92.0 dño caeli et terrae confiteor corã scõ

240.0 1093.0 1149.0 83.0 altari tuo in pura et uera confessione

248.0 1193.0 1144.0 104.0 et uoluntate ad emendandũ. Et haec

245.0 1306.0 1115.0 102.0 peccata deinceps dimittenda. Ut tu

232 1393 1071 118 ds̃ omp̃s qui dixisti nolo mortem

243.0 1515.0 1163.0 94.0 peccatoris sed ut conuertatur et uiuat.

248.0 1616.0 1088.0 107.0 miserearis et parcas et remittas et

238.0 1706.0 1129.0 114.0 deleas om̃a peccata. crimina. scelera.

245.0 1816.0 1106.0 107.0 atq facinora et delicta mea. Praete

254.0 1918.0 1049.0 107.0 rita. praesentia. et futura. et per
