1901 2500
519.0 145.0 1174.0 99.0 Ego corpus dñi et sanguinem eius pollu

512.0 254.0 1163.0 98.0 to corde et corpore sine confessione et

511.0 355.0 1028.0 103.0 paenitentia sciens indignus accepi

508.0 448.0 1194.0 111.0 Epõs et prob̃s abbates monachos canoni

505.0 563.0 1150.0 99.0 cos et omnem clerum ecclesiae dĩ non a

511.0 668.0 1148.0 100.0 maui nec dilexi nec eis obsequium hono

511.0 765.0 1166.0 115.0 ris p̾bui. sicut ds̃ praecepit. Meipsum

505.0 873.0 1137.0 108.0 per carnalia desideria et per malas co

505.0 987.0 1150.0 92.0 gitationes et permalam uoluntatem et

500.0 1083.0 1195.0 104.0 permala opera contaminaui dehonesta

497.0 1184.0 1195.0 102.0 ui perdidi et uoluntate diabolo consensi.

493.0 1280.0 1135.0 111.0 De his omnib et aliis innumerabilib

493.0 1395.0 1156.0 105.0 quae propter multitudinem peccato

503.0 1500.0 1153.0 95.0 rum criminum et scelerum meorum

501.0 1598.0 1162.0 115.0 recordari non sufficio. et quod ego con

483.0 1701.0 1165.0 100.0 tra dĩ uoluntatem et omnium scõrum.

490.0 1804.0 1141.0 109.0 et legem xp̃ianam feci. et duro corde

494.0 1905.0 912.0 114.0 perpetraui. Siue ignoranter
