1808 2500
465.0 191.0 1021.0 81.0 permisit: hinc troianũ nomen ortu: Duos filios

464.0 273.0 1021.0 77.0 trous habuit. Ilum scilic& et Assaracũ. Ilus uero

466.0 351.0 1032.0 76.0 quia maior natu defuncto patre regnũ optinuit

462.0 427.0 1011.0 78.0 et intra urbis moenia illam eminentissimam

462.0 497.0 1063.0 83.0 atq gloriosissimã edidit arcem quae ex sui no-

459.0 576.0 1015.0 80.0 mine Ilium nuncupata. Unde Ilienses tro

459.0 648.0 1004.0 78.0 iani dicti. Is Laomedontem filium reliquit

453.0 725.0 1035.0 80.0 quo regnante. Iason & Hercules ualidissimoꝵ

457.0 800.0 1027.0 77.0 iuuenũ grȩcorũ comitatu cum ad colchos ob

455.0 870.0 1029.0 80.0 uelleris aurei cupidinem transfeͬtar& a mari-

453.0 947.0 1035.0 79.0 timo fastidio se recreandi gratia ĩ phrygia ter̃a

448.0 1020.0 1008.0 78.0 legerunt. Quos Laomedon uel superbia sui uel

447.0 1097.0 1063.0 76.0 famosissimȩ gentis terrore concitꝯ minaci nũtio

451.0 1169.0 1049.0 74.0 ex templo abire prȩcepit. Hi cum alio contende-

453.0 1244.0 1035.0 79.0 rent nec uires nec arma ad resistendũ hẽrent ob

451.0 1318.0 1026.0 84.0 illatum dedecus indignati excidium auster̃imo

453.0 1406.0 1038.0 74.0 regi continuo minitantes mandatis ob tempe-

453.0 1479.0 1031.0 73.0 rauere ac perfecto uelleris negocio ubi ingrȩ-

448.0 1547.0 1025.0 84.0 tiam rediissent. Hercules phrygii regis oppro-

450.0 1622.0 1042.0 73.0 brii nõ ĩmemor maximorũ principũ ac iu-

451.0 1700.0 1049.0 80.0 uenum gręcorum manu armata classe ad troiã

450.0 1779.0 1032.0 77.0 uela remosq direxit & in littore expõitis armis

447.0 1854.0 1030.0 75.0 ad moenia impetuose contendit. Quod ubi sen-

447.0 1923.0 1044.0 93.0 siss& Laomedon audacter magisꝙͣ caute in or
