1808 2500
517 175 934 102 OTIUS orbis terrarum ambitus quem

414 177 86 154 T

518.0 256.0 953.0 106.0 undiq oceanus uerberat undis ab historic-

464.0 337.0 997.0 101.0 is & chosmographis trifarie diuiditur cuius

458.0 427.0 1026.0 86.0 partium prima inter Septentrionẽ et Meridi-

451.0 487.0 1044.0 101.0 em ad orientem extenditur Asia. Secunda ab

446.0 551.0 575.0 90.0 hostio fluminis Thanais

1185.0 575.0 297.0 76.0 q finibus

444.0 630.0 1036.0 93.0 ubi iungitur asiae inter septentrionalẽ ocean-

440.0 708.0 1042.0 93.0 um & meditaͤrraneum ad ultimas hispani-

443.0 783.0 1043.0 89.0 as in occasu terminat europa : Tertia ab Aegy-

440.0 856.0 1048.0 91.0 pto Niloq flumine exordium trahens relic-

436.0 934.0 1057.0 84.0 tis terminis asiȩ inter meridiem & mediter

433.0 1009.0 1056.0 85.0 raneum fretũ producta ad occasum in athlan-

432.0 1076.0 1029.0 99.0 tici oceani littore desinit aphrica. Asia ergo

430.0 1154.0 1056.0 89.0 si ad numerum spectamus orbis terra⟦ne⟧rũ pars

414.0 1225.0 1070.0 94.0 tertia erit. si ad magnitudinẽ mediũ terrarũ

426.0 1298.0 1033.0 88.0 orbem in se continere uideri poterit. Sic dc̃a

429.0 1376.0 1026.0 86.0 a nomine cuiusdã mulieris orientis Regi

425.0 1455.0 1050.0 86.0 na. In ea igitur inter coeteras proiuncias mi-

422.0 1526.0 1024.0 89.0 nor Asia est in qua phrygia continetur regio

423.0 1590.0 1052.0 101.0 sic dicta a phrygia esopi & Europȩ filia: & ut

426.0 1675.0 931.0 87.0 alii tradunt ex Ioue & Europa nata

433 1741 1049 104 DARDANUM. Ioue & Electra athlantis

436.0 1831.0 1006.0 85.0 filia progenitũ deorum monitu ab italia

441.0 1911.0 1041.0 86.0 & ut aliis plac& e creta insula pr̃ios deserẽ-
