1759 2500
269.0 195.0 1023.0 84.0 tem lares multitudine gentiũ ad hanc phryg

263.0 273.0 1038.0 78.0 iam deuenisse ferunt. Urbem condidisse quã

261.0 347.0 1043.0 83.0 ex se Dardaniam nuncupasse: unde gens Dar-

266.0 437.0 1037.0 75.0 dana & incolentes terras dardani dicti. Hoc

263.0 501.0 1073.0 89.0 regnante de creta cũ manu electissimorũ iuue-

269.0 579.0 1020.0 75.0 num forte noui regni fama concitũ Teucrũ

270.0 650.0 1027.0 88.0 ad phrygiam patriis sedibus expulsum dicitur

263.0 722.0 1030.0 84.0 conuenisse ꝗ a dardano & fide & dextera

262.0 798.0 1039.0 89.0 data imparte regni [[regni]] consors susceptus ẽ

265.0 875.0 1042.0 81.0 ut nunerosiori ppło noua ĩplerentur moenia

270.0 943.0 1038.0 91.0 ita subducbus regib haud disc repantib Dar

265.0 1026.0 1059.0 83.0 dania potentia & magnitudine aucta pa-

264 1085 1059 98 cifice aliꝙͣdiu fretit. Huius Teucri in regẽ-

270.0 1172.0 1040.0 80.0 do & .r. p. augendo bonitas comitasq tãta

266.0 1244.0 1042.0 82.0 fuit ut eo defuncto superstite Dardano

266.0 1325.0 1055.0 84.0 ob ĩpius inclyte memorię gloriosissimum

268.0 1400.0 1068.0 76.0 decus qui Dardani nuncupabantur: dein-

263.0 1479.0 1038.0 79.0 ceps Teucri cognominarentur: Ut Uirgiliꝯ

268.0 1552.0 1067.0 84.0 maro hic genus antiquũ teucri pulcherri-

270.0 1627.0 1048.0 75.0 ma proles : Dardanus filium habuit Her

265.0 1704.0 1038.0 80.0 ictonium quem post sui obitũ regnantẽ

263.0 1777.0 1049.0 84.0 reliquit. Herictonius Troum genuit qui

270.0 1852.0 1061.0 77.0 iustitia & pietate insignis mutato Dard-

268.0 1925.0 1038.0 87.0 aniȩ nomine ex se urbem troiã nominari
