1525 2500
223.0 347.0 799.0 109.0 Qis est pauꝑ qui sibi uidet᷑. Qui młtis ti

226.0 434.0 807.0 74.0 metur multos timet. Infelicitate erige : sub

219.0 508.0 819.0 79.0 mitte infilicitatẽ ĩfelicis inocẽciã: Neꝗcia ipsa

220.0 576.0 820.0 89.0 sui pęna est. Mala consciẽtia sępe tuta est se

222.0 645.0 808.0 75.0 cura nũꝙ: libidinis initia continebit: ꝗ exipã co

226.0 713.0 833.0 89.0 gitabit. Beneficii acepti nũꝙ̃: op obliuisci da

226.0 793.0 825.0 73.0 ti protinꝰ. Inhonesta uictoria est suos uĩcere :

223.0 858.0 831.0 92.0 Satis est pęnaꝵ potuisse puniri. Inimicicias

225.0 931.0 813.0 81.0 tarde suscipe : inimicicias ex te moderate: Uani

222.0 998.0 822.0 90.0 tates similit̾ depone. Ymago aĩ sermo est qͣ

220.0 1068.0 823.0 90.0 lis uir talis oratõ. Magna res est uocis et silen

220.0 1144.0 828.0 76.0 cii tprã nosce̾: Qͥ eqͦ aiõ malis imiscet᷑ malꝰ

223.0 1208.0 840.0 80.0 est. Neminẽ laudau̾is. nemiẽ cito accusau̾is

225.0 1283.0 845.0 78.0 Semꝑ puta te cũ his testimoniũ dice̾. Uitiũ ẽ

226.0 1351.0 843.0 80.0 oĩa crede̾ uitiũ nihil crede̾: Utẽdũ est diuitiis

230.0 1429.0 824.0 79.0 nõ abutẽdũ. Nullũ putau̾is locũ sine testib.

230.0 1498.0 815.0 77.0 excusatõem quere̾: uitiũ. s oiã relinque̾ ad

226.0 1559.0 844.0 93.0 dominũ . Fortior est ꝙ cupiditati uincit ꝙ̃ qui

231.0 1640.0 749.0 97.0 hostem subicit: et difficillimũ seips̃ uince̾.

1373.0 59.0 64.0 70.0 38
