1583 2500
517.0 351.0 817.0 85.0 illos uera obiecturos si posserit. Non es in prĩa tua

521.0 438.0 816.0 80.0 prĩa tua est : uͥcũq bñ es. illud .n. ꝑ quod bene est

513 489 817 100 nõ est in loco s in hoĩe / nihil magnũ nisi magͦ

515.0 575.0 808.0 81.0 aiõ despicias. Quę sũt maxime diuicie nõ

515.0 641.0 809.0 92.0 desiderare diuicias. Quis plurimũ h is ꝙ mi

515 697 821 103 nimũ cupit. Qͥd est dare beneficiũ deũ imi

510 775 828 97 tari. Honestius est cũ iudicau̾is amare / ꝙ̃ cũ

510 852 837 91 amau̾is iudicare. Dissentio ab alio incipiat a te

510 918 841 96 aut̃ recõciliatõ. Succur̾e pauꝑtati amicoꝵ imo

510 987 839 100 occur̾e. Amicos secũdę res parant. adu̾se certissi

508 1068 847 88 me ꝓbant. Peiora sũt tecta odia ꝙ̃ aꝑta: Ita

505.0 1143.0 791.0 80.0 q te minꝰ loquax inimicus offẽdit ꝙ̃ tacitus.

506 1200 855 108 Mira nõ ẽ quę nõ uult ꝑdicari ꝙ gaudet intellig̃.

504 1283 851 89 Agnosci amat ꝙ quod agit oñdit. Elemosina

508 1345 853 115 nõ tã accipiẽtib ꝙ̃ dantib prodest: et spes p̾mii

507.0 1438.0 835.0 82.0 solatiũ sit laboris. Quae est maxima ege

507.0 1509.0 841.0 78.0 stas auaritia. Peccunię imꝑare op nõ serui

510.0 1573.0 842.0 81.0 re. Nullũ consciũ peccatoꝵ tuoꝵ mag̃ timu

511.0 1643.0 848.0 118.0 eris ꝙ̃ temetipsũ. aliũ potes effuge̾ te aut̃ nũꝙ̃.
