1543 2500
248.0 358.0 800.0 101.0 ideo semꝑ indiges. Peccunia si tibi est cui

250.0 452.0 792.0 67.0 uis usura morbi mi crede nõ potes nõ po

247.0 516.0 790.0 84.0 tes diues ec̃ et felix. Aurib frequẽtius ꝙ̃

244.0 583.0 815.0 82.0 lingua ute̾. Quicꝗd dicturus es añꝙ̃ ali

246.0 658.0 818.0 75.0 is: dicito tͥ. Nihil int̾est int̾ iratũ et insa

244.0 720.0 827.0 85.0 nũ: nͥ unus dies alt̾ semꝑ irascit᷑ alt̾ semꝑ

244.0 797.0 827.0 79.0 insanit. Facillime bonis frueris: si ea uita

241.0 866.0 830.0 89.0 u̾is quę uictu paraũis. Cũ alienos timue̾is

246.0 948.0 816.0 74.0 te ip̃ uerere/ nã sępe sine aliis esse potes

246.0 1012.0 852.0 83.0 sine te nũꝙ̃. Si bene te instruxeris pudeat

241.0 1084.0 832.0 81.0 te det̾iora face̾: Qid ꝑsuaseris erit dieꝵ ꝙ

244.0 1154.0 836.0 73.0 cogitau̾is erit in occasione. Alt̾i semꝑ igno

241.0 1223.0 836.0 83.0 scito tͥ ipĩ nũꝙ̃. Tantũ ad uirtutẽ adicies

241.0 1291.0 833.0 89.0 ꝙ̃tum ex uoluptate abstraxeris. Stultũ est

244.0 1370.0 833.0 80.0 somno delectari / et qĩ mortẽ moliri / cũ so

244.0 1441.0 851.0 81.0 mnus assidua sit mortis imitatõ. Bonis

246.0 1511.0 839.0 80.0 nocet ꝙ malis ꝑcit. młti cũ aliis maledicit

244.0 1576.0 823.0 87.0 sibi ip̃is seruicia faciũt. Nihil turpius ꝙ̃ꝙ

246.0 1641.0 888.0 104.0 obicit alt̾i quod sibi obiciendũ. Ut licentiosa

1423.0 87.0 51.0 75.0 39
