3714 4962
1676 650 1773 190 Fluctus agit, lacerae'que natant in gurgite pinus,

1690 827 1817 173 Et iam trunca uirũm, dircerpta'que corpora passim

1695 955 1758 169 Littoreae sectantur aues, proiecta'que pascunt

1679 1124 1660 146 Uiscera, et effuso late rubet unda cruore.

1662 1262 1905 168 Atque aliquis Naupacte tuas dum tendit adoras,

1659 1414 1878 173 Et pugnata refert sanctis noua bella sub armis,

1657 1574 1737 173 Dum'que peregrino legit Actia littore pinu,

1662 1717 1787 157 Ecce, ait, hinc pugnas iterum prospexit Apollo,

1648 1877 1754 165 Bis'que triumphatis Aegyptia signa carinis,

1646 2017 1866 152 Sic ait ⟦ait⟧, et celeri percurrit Echinadas aura.

1657 2161 1753 160 Defer ad extremas uictricia nomina gentes

1665 2307 1927 174 Fama, nouas memorans pugnas, partos'que triumphos

1701 2464 1833 141 Quae uetera heroum obscuris monimenta sepulchris

1668 2605 1731 143 Subtrahis, Acteniis'que duces interseris astris.

1654 2756 1737 124 Dic actos in bella uiros socia arma ferentes

1648 2905 1815 165 Hispanos, Uenetos'que, intermissos'que Quirites

1643 3065 1850 152 Nunc primum Ionio in magno iunxisse carinas,

1646 3228 1872 140 At contra Euboicas summa in certamina classis,

1646 3390 1789 149 Mentitos'que Deos, uires'que Orientis agentem

1648 3534 1925 165 Regem Asiae domitum, tremefacta'que saxa Capharei

1651 3693 1806 158 Scilicet hoc dudum precibus, uotis'que petisti

1632 3856 1891 174 Sancte heros, qui sceptra Dei, sedem'que tueris,
