3716 4962
1714 567 1800 160 Candentes liquido glomerantur in aethere cycni

1728 747 1789 159 Imbelles'que agitant uolucres, et inertia caedunt

1703 904 1911 146 Agmina, sanguineas Zephyrus rotat äere plumas

1725 1050 1698 146 Cinge triumphali uictricia tempora lauro

1703 1193 1864 149 Dux Uenetûm, cui clara suae cognomina gentis

1706 1336 1896 180 Dat Uenus, et spolia ampla tuo cape debita Marti

1709 1502 1800 152 Seruatae columen patriae, tu maximus ille es,

1684 1645 1775 160 ᗅequoreae qui primus inis certamina pugnae

1700 1794 1856 143 Cladem Asiae intentans. Diui comitantur euntem

1698 1937 1640 158 Et curae uigiles, et ouanti gloria plausu,

1676 2081 1811 146 Ultrices'que rates, et ahenea mittis in hostem

1717 2232 1739 152 Fulmina suscepto igne cauis impulsa metallis.

1698 2381 1764 155 Quo sonitu tremuere undaꝵ, perculsa'que longe'

1678 2519 1850 171 Ambracia, et pauidae latuere sub aequore Nymphae,

1678 2665 1811 160 Et refluo trepidans Achelous inhorruit amne.

1665 2817 1703 160 Nec te ultae belli facies, amissa'que terrent

1659 2979 1773 169 Regna, nec auectae diuerso ab littore praedae,

1662 3167 1877 143 Nec te animi uigor, et seris graue robur in annis

1665 3291 1728 160 ᗞeserit, et fracto exuuias ex hoste reportas,

1673 3456 1563 169 Eque tua prior emicuit uictoria puppi.

1654 3638 1910 146 Tum iuuenem imperio insignem, quem Caesare magno

1676 3765 1797 182 Progenitum, uirtus per grandia facta parentis
