3716 4962
1728 496 1772 176 Alme pater, laus, et sunt hęc tua dona fatemur,

1744 672 1740 168 Sed tua sint facito propria hęc ut dona tuis'que

1717 824 1750 176 Muneribus dignos pręsta, et quo spiritus almus

1744 989 1679 143 Te'que tuo, natum'que tuum tibi iungit amore,

1700 1135 1767 157 Diuinum inspirans animis concordibus ignem,

1733 1287 1550 138 Tres illos uno devinciat unus amore,

1736 1427 1729 171 Austriaco'que uno duce gens non una trophęis

1747 1576 1640 152 Accedat crucis, et totus tibi seruiat orbis.

2040 1831 633 199 Incerti autoris

1920 1984 1059 207 Ad Ioannem Austriacum.

1667 2307 1729 174 Te pater aspiciens exalto Cęsar Olympo;

1761 2464 1624 160 Aequoreum celeri dum trabe curris iter.

1687 2599 1786 182 Perge puer, dixit, nec te iam barbara classis

1775 2778 1557 152 Terreat, aduerso quę mouet arma Deo.

1681 2924 1723 166 Ecce tuam circum uolitat uictoria puppim,

1670 3092 1706 163 Ecce suas ponunt eurus, et unda minas.

1659 3250 1894 157 Macte animo, ut dederam terris ego iura subactis,

1747 3409 1481 185 Sic tibi deuictis seruiet ęquor aquis.
