3392 4864
456 632 1584 186 Dum tu neglecta pro relligione laboras,

478 813 1549 140 Et Uaticanas toties prostratus ad aras

451 956 1805 173 Sacra facis, sanctas'que uocas in foedera gentes,

467 1107 1806 176 Iordane'que iubes, Solymas'que reposcere sedes,

462 1272 1738 157 Atque implacatas superare Propontidis oras.

483 1424 1935 145 Salue operum tantarum author, qui numina nobis

486 1578 1578 137 Concilias, et dia tuis paris otia terris.

416 1699 2013 179 At tibi Dux Uenetûm nunc alter ab Hercule magno,

429 1845 2149 173 Qui grauidam colubris Hydram, qui Thracia monstra

432 2015 1851 154 Exuperas, iterum'que Acheloia cornua frangis.

416 2159 2089 156 Quando etiam maiora manent superanda Propontis,

435 2296 1854 171 Rathei'que sinus, proauita'que regna petenda.

448 2440 2011 175 Iam'que tuis Rhodos, et Salamis, Naxos'que receptae

435 2591 1662 146 Accedent titulis, et iam concussa tumultu

440 2734 1795 187 Mygdonia, et tristes expauit Achaia pugnas

440 2883 1676 192 Te celsi iuga Taygeti, te frigida Tempe,

432 3056 1900 162 Aonium'que uocat nemus, et Permessidis undae,

432 3207 1684 176 Et tua Pieriae responsant nomina syluae.

424 3366 1857 157 Tempus erit, cum rupta sacris solatia Musis

432 3529 1935 151 Restitues, fontes'que suos, sua'que antra recludes,

418 3680 1890 167 Nunc dira illuuie, et syluestribus obsita dumis,

432 3834 1851 181 Et sua iam profugi recinent ad flumina cycni,

2872 202 106 174 37

2751 356 149 149 152
