3392 4864
745 551 1133 143 Ad Sebastianum Uenerium.

432 726 1681 165 Ausa Dei classem, socias'que lacessere puppes

508 891 1613 149 Impia gens, euris sinuosa in uela uocatis,

462 1029 1724 149 Horruit aduersas acies, fractas'que superbȩ

500 1178 1632 156 Uidit opes Asiae raptis spoliata trophaeis.

472 1324 1533 167 Illa per Ionios centeno remige fluctus

489 1483 1759 149 Ibat ouans, tristes'que minas, et bella parabat,

475 1624 1706 156 Impulerat'que Duces Craetea a strage recentes

464 1783 1830 130 Rursus in arma uehi, et duro discrimine rursus

464 1921 1638 148 Hostiles petere exuuias, et Martia signa.

467 2069 1619 138 Obuia cum triplici sese tulit ordine classis

456 2215 1633 157 Auspicio iam freta Dei, caelo'que secundo,

464 2367 1719 135 Euertit'que trucem ualidis in cursibus hostem.

472 2504 1757 157 Tum superũm delapsa cohors plaudentibus alis

497 2656 1724 151 Irruere, et uacuas uisa est rutilare per auras,

456 2804 1762 179 Et nunc barbaricas pelago submergere puppes,

445 2975 1836 154 Nunc inuisam aciem rapidis incessere flammis,

443 3137 1875 165 Aut pugnare manu, mediis'que insidere transtris

424 3291 1786 140 Aeneadum, et Uenetae defendere robora pubis,

440 3448 1662 145 Pars autem clypeis uenientes excipit ictus,

448 3604 1573 157 et stipata leui circunuolat agmin gyro,

432 3761 1892 184 Non secus, ac rigui si quando ad stagna Caystri

1370 254 146 124 21
