3392 4864
381 489 1624 148 Nam quas maiores uocitant de more triremes,

370 640 1627 162 Sex primum infestȩ lunatis cornibus ibant.

378 799 1778 168 Inde aliȩ, atque aliȩ, numero quoque et ordine iussȩ.

383 951 1608 146 Quas ubi confertas audere, ac tendere uidit

386 1080 1876 195 Et trepidare metu, atque amimis cadere incipit hostis.

389 1256 1632 157 Et dominos in se seruumn genus horret euntes.

391 1402 1641 162 At nostri quos armarat fiducia CHRISTI

397 1551 1635 170 Per'que preces, et per confessa piacula passim,

389 1707 1532 149 Pax magni quȩsita Dei uadunt solida ui.

383 1834 1706 168 Fit sonitus, cȩlum horribili tonat omne fragore,

383 1996 1714 157 Tormentis'que atris'que ardet procul ignibus ether.

391 2145 1657 168 Non unquam irato ceciderunt fulmina cȩlo

375 2296 1495 157 Plura, nec auditȩ toties perinane ruinȩ

383 2445 1617 135 Itur in aduerso iam stricto cominus ense.

381 2580 1697 162 Hortatur simul ipse suos trux barbarus, illi

383 2737 1879 157 Uix tandem reuocant animos, atque arma retractant

386 2894 1711 170 Omne genus, denso fundunt et spicula nimbo,

370 3053 1862 208 Rem propius'que gerunt, et puppes puppibus hȩrent,

359 3212 1778 168 Miscentur'que uiri, fit'que ingens undique cȩdes

375 3388 1665 160 Purpureo late pelagus rubet omne cruore.

356 3539 1760 173 Dat uictus, suplex'que manus collo'que catenas

354 3683 1600 178 Accipit, et longo tandem certamine cedit.

2778 135 130 197 34

2714 324 158 150 49
