3182 4710
1119 471 1610 188 Ecce autem apparent fȩdȩ uestigia flammȩ,

1127 659 1699 154 Et nuper nemorosȩ iniuria facta Tacinthos,

1109 792 1743 163 Hac rueret nostras cum perfida classis in oras.

1112 955 1732 159 Iam'que Corinthyacus lȩtam sinus excipit, urbes

1099 1104 1593 167 Uicinȩ plausere suis, Naupactos amicum

1106 1253 1709 178 Littus, et hospitio non unam prȩbuit aulam.

1036 1407 1811 173 Dumque fouet reducem, dum raptor puppibus altis

1017 1564 1696 155 Hesperias ostentat opes prȩdam'que carinis

1072 1698 1824 191 Confertam Ismariis, fortiuum'que explicat aurum,

1044 1855 1763 146 Dum numerat captos, et ferrea uincula captis

1057 2001 1669 128 Iniicit, et remis longo adligat ordine uictos,

1049 2140 1693 162 Hellespontiaco spectacula grata tyranno,

1044 2284 1716 180 Austriacus triplicis ductor per cȩrula classis

1062 2436 1698 175 Improuisus adest uento'que estuque secundo.

1070 2614 1905 128 Namque unum in triplici uenerantes numine numen,

1088 2726 1808 183 Sacrorum'que pater PIUS, et Rex ipse PHILIPPUS

1078 2880 1831 191 Et UENETI, quos nempe recens dolor attigit, unum

1075 3071 1646 137 Unanimes legere Ducem , cui credita rerum

1080 3213 1751 170 Summa, duces'que alii, ac iussi parere magistri.

1080 3359 1453 194 At non Hispanȩ cessit fiducia genti,

1062 3527 1894 183 Oblatam'que putans ȩquo sibi in ȩquore prȩdam,

1065 3679 1797 198 Congreditur, subeunt Ueneti discrimina primi.
