3392 4864
1387 170 183 121 20.

478 281 1435 175 Achillis Statii Lusitani Ευ'χαριστικόν

567 467 1111 154 Τurcis nauali prȩlio uictis.

408 629 1697 170 Quas dicam, meritis non est pax copia, grates,

424 789 1622 159 Aut quibus accumulem suplex altaria donis,

416 934 1708 171 Digna ferens, lȩtusque tuas quo carmine laudes

446 1078 1602 186 Concelabrem nunc, o magni regnator Olympi,

443 1248 1532 157 O scelerum toties nostrorum oblite, tui'que

429 1391 1619 154 O patrii immemores toties memor inter amoris

437 1553 1857 141 Cum'que iterum ad summum uitiorum ueuerit error,

440 1683 1589 151 Et quos non decuit, maculis infecerit atris,

437 1818 1814 176 Tu tamen haud iterum ruptis ferus imbribus alto,

443 1972 1740 176 Sordibus infestam inluuiem dimittis aquarum.

443 2126 1740 197 Sed magni precibus'que Pii, precibusque piorum

421 2283 1779 154 Paucorum, immeritis largiris munera uictus,

435 2429 1854 159 Totque mala exuperans cumulus pietatis mundat.

448 2583 1625 162 Ibat ouans spoliis, et prȩda uictor opima

418 2723 1655 168 Barbarus, atque suȩ captiuo remige classis

410 2872 1679 168 Pellebat uada salsa, tuis pater Hadria totis

427 3029 1743 165 Littoribus simul insultans, dum multus utrinque

410 3194 1706 154 Seruitio abductus tuus ab dolor, accola tristis

405 3353 1689 167 Notae tecta domus cedentia respicit, atque

378 3515 1843 165 Dulce nemus longe, suaque arua, suos'que labores

394 3672 1708 202 Suspirans uitem aprico flet colle relinqui.

2732 329 84 135 48
