1740 2500
259 551 424 143 ¶  Africanum. Pu. Africanus & Caius Leuius im

266 683 420 36 primis eloquentes fuerunt. Antiquitate magis delectari

262 708 414 40 et libenter uerbis priscis uti uisus est lelius. Refert. Au.

261 737 422 33 Gellius. Scipionem omnium etatis suę purissime locu

271 761 52 34 tum esse.

259 787 421 44 ¶ Catonem. Portium Catonem significat. ꝗ fuit

268 822 408 33 optimus orator: optimus senator: optimus imperator.

264 847 414 33 qui sine emulo agricola condidit librum de re rustica

262 869 420 37 origines: orationes: qui censorius dictus est.

261 897 421 39 ¶Lepidum. Mar. emilium lepidum significat qui

262 925 421 36 est porcina dictus. & summus orator habitus. iisdem tẽ

262 952 234 41 poribus fere quibus galba.

255 977 424 38 ¶ Catonem. Lego carbonem. fuit autem Caius car

266 1005 414 36 bo orator canorus et uolubilis: et satis acer: eundem lu

265 1030 411 40 cius Gellius et uehementem et ualde dulcem. et perfa

265 1055 414 39 cetum fuisse dicebat: hic optimus illis temporibus est

266 1083 182 36 patronus habitus.

266 1108 419 43 ¶ Gracchos. Duo fuerunt gracchi fratres: Tiberiꝰ

268 1137 406 43 et Caius: ambo eloquentes: quorum eloquentię mater

265 1163 411 34 Cornelia multum contulit. uerum et doctior et eloquẽ

268 1188 403 38 tior fuit caius: qui erat minor natu: quo nemo plenior

264 1213 415 84 nemo uberior fuisse fertur. grandis erat uerbis: sapiens

261 1240 230 62 sententiis. genere toto grauis.

742.0 443.0 754.0 66.0 ratiocinandiq utilitate inspecta: huius artis terminaui

743.0 506.0 753.0 57.0 mus modum at contra oratorem celeriter complexi su

737.0 562.0 758.0 57.0 mus: nec eum primo eruditum: aptum tamen ad di

737.0 623.0 758.0 53.0 cendum: post autem eruditum. nam Galbam africa

737.0 669.0 759.0 54.0 num Lelium doctos fuisse memoriae traditum est:

736.0 723.0 770.0 60.0 studiosum autem eum qui iis aetate anteibat Catonẽ

739.0 776.0 755.0 57.0 post uero Lepidum Catonem: Gracchos: deinde ita

740.0 831.0 758.0 49.0 magnos nostram ad aetatem: ut non multum aut ni

735 872 440 69 hil omnino graecis cederetur.

854.0 933.0 640.0 61.0 Hilosophia latuit usq ad hanc aetatem nec

748 920 58 100 P

747.0 990.0 741.0 57.0 ullum habuit lumen litterarum latinarum.

735.0 1040.0 765.0 60.0 quae illustranda et excitanda nobis est: ut si occupati

735.0 1094.0 761.0 64.0 profuimus aliquid ciuibus nostris prosimus etiam

733.0 1148.0 766.0 60.0 si possumus ociosi: in quo eo magis nobis est elaborã

733.0 1201.0 762.0 60.0 dum : ꝙ multi iam esse latini libri dicuntur scripti

739.0 1254.0 757.0 62.0 inconsiderate ab opitimis illis.quidem uiris: sed non

735.0 1305.0 771.0 57.0 satis eruditis. Fieri autem potest ut recte quis sentiat

735.0 1359.0 760.0 61.0 et id quod sentit: polite eloqui non possit. sed manda

735.0 1415.0 761.0 62.0 re quenquam litteris suas cogitationes qui eas nec Ø

733.0 1470.0 772.0 59.0 disponere nec illustrare possit: nec delectatione aliqua

735.0 1526.0 761.0 57.0 allicere lectorem hominis est intemperanter abutentis

733.0 1576.0 765.0 83.0 et ocio: et litteris. Itaq suos libros ipsi legunt cum suis:
