1760 2500
255.0 441.0 759.0 78.0 nec quisquam attingit praeter eos qui eandem licentiam

251.0 500.0 771.0 66.0 scribendi sibi permitti uolunt. Quare si aliquid oratorie

250.0 555.0 761.0 61.0 laudi nostra attulimus industria: multo studiosius Ø

251.0 630.0 761.0 47.0 philosophiae fontis aperiemus. e quibus etiam illa ma

252.0 659.0 757.0 70.0 nabant: sed ut Aristoteles uir summo ingenio scien

251.0 716.0 763.0 67.0 tiae copia cum motus esset Isocratis rhetoris gloria: di

250.0 765.0 757.0 62.0 cere etiam coepit adolescentes docere: & prudentiam

250.0 822.0 768.0 69.0 cum eloquentia iungere. sic nobis placet: nec pristinũ

248.0 877.0 766.0 64.0 dicendi studium deponere et in hac maiore: & uberio

250.0 934.0 765.0 64.0 re arte uersari. Hanc enim perfectam philosophiam sẽ

251.0 990.0 760.0 62.0 per iudicaui: quae de maximis quaestionibus copiose

252.0 1040.0 766.0 61.0 posset ornateq dicere: in quam exercitationem ita nos

254.0 1093.0 761.0 62.0 studiose operam dedimus: ut iam etiam scholas graeco

254.0 1147.0 757.0 61.0 rum more habere auderemus. Ut nuper tuum post

254.0 1204.0 761.0 58.0 discessum: in tusculano: cum essent complures mecũ

258.0 1256.0 756.0 60.0 familiares: tentaui quid in eo genere possem. ut .N.

258.0 1311.0 758.0 58.0 ante ea declamitabam causas: quod nemo me diutiꝰ

255.0 1365.0 759.0 55.0 fecit: sic haec mihi nunc senilis est declamatio: ponere

259.0 1419.0 757.0 58.0 iubebam: de quo quis audire uellet: ac id aut sedens

258.0 1473.0 762.0 60.0 aut ambulans disputabam. Itaq dierum quinq scho

255.0 1526.0 759.0 64.0 las ut greci appellant: in totidem libros contuli. Fie

256.0 1579.0 755.0 65.0 bat autem ita ut cum is qui audire uellet: dixisset

1059 896 444 41 ¶  In hac maiore arte. Philosophiam intelligi uult

1071 918 424 48 qua disciplina est disciplinarum: et inter ingenuas dis

1071 950 419 41 ciplinas haud dubie primatum tenet. Seneca inter

1078 977 412 39 studia liberalia. Solum Sapientię studium dicit esse

1073 1000 417 40 liberale. sublime. forete. magnanimum. Cetera pusilla

1076 1029 114 48 et puerilia esse.

1063 1347 436 75 ¶ Declamatio senilis. Disputatio philosophica.

1076 1406 414 41 Declamationes nomen auctore seneca apud nullum au

1071 1429 419 43 ctorem antiquum. Ante ipsum Ciceronem inueniri po

1078 1456 412 46 test: est autem declamatio ut putat caluus domestica

1080.0 1518.0 409.0 34.0 quod dicendi genus utinam non exoleuisset utinam

1071 1483 419 46 exercitatio: quę res plurimum conducit eloquentię:

1073.0 1541.0 423.0 42.0 his temporibus ingeret. Ad alendam formandamque

1077.0 1569.0 419.0 43.0 eloquentiam cuius uix umbram retinemus et eius

1079.0 1600.0 239.0 33.0 quidem infracte & corrupte.

1071.0 1627.0 429.0 36.0 ¶ Sedens. Ex socratis instituto uetus prouerbum

1073 1650 422 41 est Romanus sedendo uincit. Et plautinus seruus ait

265.0 1655.0 1229.0 61.0 Nimio plus sapio sedens. Socrates autem porissimum sedens disputabat. et ita inducitur a platone apud quem in libris de re publica. ait se consedisse cum Ø

265.0 1706.0 1043.0 94.0 multis in domo polemarchi. & in phedro sub procerissima platano considens dixerit. & in pluribus quoq aliis dialogis.
