1752 2500
254 590 433 76 ¶ de re militari. Hec propria et ueluti peculia

259 650 420 38 ris ars fuit Romanorum. hac res romana creuit ad

259 677 419 41 summum. haec ut Mar. Tullii uerbis utar nomen po

261 704 417 43 pulo romano. hec hinc urbi ȩternam gloriam peperit

262 733 409 32 hec orbem terrarum parere huic imperio coegit.

263 756 415 38 Lege Iosephum disciplinam bellicam Romanorum

262 783 250 39 miro prȩconio extollentem.

250 981 429 55 ¶ Doctrina graecia. Marcus Tullius in ora

259 1022 412 39 tione pro L. flacco. tribuo grȩcis litteras. do multarũ

262 1052 407 34 artium disciplinam: non adimo sermonis leporem:

258 1073 421 39 ingenii acumen: dicendi copiam. Eusebius quoq ĩ .uiii.

258 1101 425 42 preparationis euangelicȩ. Grecia inquid sola homines

262 1131 418 37 generat uere celestes atq diuinos. Natura ad omnem

259 1155 419 36 scientiam natos. Cuius rei causa est subtilitas aeris.

259 1181 419 37 Non enim temere dixit heraclitus. Aer siccior anima.

259 1212 419 38 prudentia: ac melior ¶ Homerus ante romam. Cor.

261 1236 417 40 nepos in primo chronicorum dixit homerum fuisse

259 1265 421 33 ante romam conditam annis circiter .C.lx. Sassius

261 1290 418 36 uero in annalibus de homero et hesiodo scriptum re

258 1319 422 36 liquit utrumq uixisse ante romam conditam Syl

259 1348 423 33 uiis Albae regnantibus. annis post bellum Troianum

259 1375 421 37 plus. clx. alii homerum ꝗͣ hesiodum maiorem natu

258 1398 422 39 fuisse dixerunt. Alii minorem. Mar. Uarro non esse

259 1427 424 34 dubium inquit quin aliquo tempore eodem uixerĩt

263 1458 419 32 eosq synchronos fuisse testatur. ¶ Liuius. A. Gellius

263 1479 424 40 in .xui. primus omnium. L. Liuius poeta fabulas do

261 1508 419 36 cere romae cepit post sophoclis et euripidis mortem

262 1533 420 40 annis plus fere. C.&.lx. idem aliubi liuium appel

262 1558 416 39 lat antiquissimum poetam. Eiusdem Tytus Liuius

262 1588 417 35 et Ualerius maximus meminerunt quem suarum fa

263 1613 416 37 bularum actorem extitisse tradunt. Cognominatus

266 1637 417 40 est andronicus. De quo sic diomedes. Constat apud ro

266 1652 1227 54 manos primum latino sermone comediam liuium andronicum scripsisse ¶ Ennium. Mar. Uarro in primo de poetis libro scripsit .Q. Ennium natum esse .Q.

263 1690 1226 43 Ualerio et .C. manilio consulibus. Tarentinus fuit. Si Eusebio credimus. Mela pomponius ait rudias apuliȩ oppidum ennio ciue esse nobiles: cui astipulatur

263 1715 1230 41 silius cum ait miserunt calabri rudiȩ genuere uetuste periit morbo articulari. Neuius. stipendia hic fecit bello punico primo: plautus uero floruit in sce

263 1745 1233 46 na id temporis. quo Mar. Cato oratur in ciuitate. In originibus .s. portii Catonis. De quibus uoluminibus. hȩc Cicero in bruto. Iam uero origines Catonis

269 1775 1220 44 quem florem aut quod lumen eloquentiae non habent idem mox paulo in hanc sententiam utinam extarent illa carmina : quȩ multis sȩculis ante suam

265 1800 1232 48 ȩtatem in epulis esse cantitata a singulis conuiuis. de clarorum uirorum laudibus in originbus scriptum reliquit cato scriptionem originum taxat festꝰ

265 1823 1227 52 pompeius. tanquam mutilam: cum ait originum libros quot inscripsit. Cato non satis plenum titulum propositi sui uidetur amplexus: quando pregͣ

263 1855 1229 47 uant ea: quae sunt rerum gestarum populi romani ¶ Huic generi .s. poetarum. poeticae disciplinȩ ¶ Oratio Catonis. Idem Cato scripsit orationes ampli

265 1877 1220 53 us centum quinquaginta. ¶ Ut probrum. Dedecus turpitudinem : alias conuitium alias stuprum & incestum. Lex fuit apud romanos. ut probrũ

262 1905 320 78 uirginis uestalis capite puniretur.

734.0 436.0 752.0 68.0 res nos profecto et melius tuemur & lautius, rem

733.0 486.0 759.0 65.0 uero publicam nostri maiores certe melioribus tem

733.0 545.0 761.0 66.0 perarunt: et institutis. & legibus. Quid loquar de

732.0 602.0 758.0 56.0 re militari : in qua cum uirtute nostri multum Ø

732.0 655.0 769.0 56.0 ualuerunt tum plus etiam disciplina. Iam illa quae

732.0 709.0 769.0 60.0 natura non litteris assecuti sunt. neq cum graecia. ne

732.0 762.0 764.0 63.0 q ulla cum gente sunt conferenda. Quae enim tanta

733.0 813.0 755.0 66.0 grauitas: quae tanta constantia: magnitudo animi:

732.0 870.0 756.0 60.0 probitas: fides. quae tam excellens in omni genere

733.0 922.0 764.0 55.0 uirtus in ullis fuit: ut sint cum maioribus nostris

730.0 987.0 758.0 50.0 comparanda: Doctrina graecia nos et omni littera

732.0 1030.0 756.0 61.0 rum genere superabat: in quo erat facile uincere

733.0 1087.0 763.0 60.0 non repugnantes. nam cum apud graecos antiquis

732.0 1138.0 761.0 62.0 simum e doctis sit genus poetarum. si quidem Ho

730.0 1194.0 752.0 51.0 merus fuit : & Hesiodus ante Romam conditam

733.0 1244.0 760.0 64.0 Archilocus regnante Romulo: serius poeticã nos

734.0 1295.0 770.0 64.0 accepimus annis fere .ccccx. post Romam conditã

730.0 1348.0 774.0 67.0 Liuius fabulam dedit Appio Claudio Caeci filio .M.

736.0 1409.0 761.0 52.0 Tuditano consulibus: anno ante natum Ennium:

734.0 1461.0 765.0 59.0 qui fuit maior natu ꝗͣ Plautus: et Neuius. sero Ø

734.0 1519.0 767.0 60.0 igitur a nostris poetae uel cogniti: uel recepti. Quãꝗͣ

730.0 1572.0 773.0 58.0 est in originibus: solitos esse in epulis canere conui
