1760 2500
254.0 437.0 761.0 75.0 uas tibicinem de clarorum hominum uirtutibus ho

250.0 498.0 759.0 71.0 norem tamen huic generi non fuisse declarat oratio

248.0 555.0 768.0 64.0 Catonis in qua obiecit ut probrum Marco nobiliori

252.0 622.0 766.0 55.0 ꝙ in prouintiam poetas duxisset. duxerat autem cõ

251.0 668.0 761.0 61.0 sul ille in aetoliam ut scimus Ennium: quo minus

251.0 719.0 764.0 61.0 ergo honoris erat poetis: eo minora studia fuerunt.

252.0 770.0 763.0 67.0 Nec tamen si qui magnis ingeniis in eo genere exti

252.0 825.0 762.0 62.0 terunt: non satis graecorum gloriae responderunt an

250.0 877.0 762.0 54.0 censemus si Fabio nobilissimo homini laudi datũ

252.0 931.0 756.0 67.0 esset: ꝙ pingeret non multos etiam apud nos futu

255.0 984.0 759.0 66.0 ros polycletos. et Parthasios fuisse: honos alit artes

255.0 1040.0 756.0 61.0 omnesq incenduntur ad studia gloria. iacentq ea

255.0 1093.0 754.0 68.0 semper: quae apud quosq improbantur. summam

255.0 1151.0 759.0 58.0 eruditionem graeci sitam censebant in neruorum Ø

258.0 1202.0 764.0 63.0 uocumq cantibus. Igitur & Epaminundas pͥnceps

262.0 1252.0 754.0 67.0 meo iudicio graeciae fidibus praeclare cecinisse dicit᷑

256.0 1308.0 755.0 61.0 Themistoclesq aliquot ante annis cum in epulis

258.0 1359.0 753.0 63.0 recusasset lyram: est habitus indoctior. Ergo in

261.0 1419.0 753.0 60.0 graecia musici floruerunt. discebantq id omnes: nͨ

258.0 1468.0 751.0 61.0 qui nesciebat. satis excultus doctrina putabatur ĩ

258.0 1522.0 747.0 62.0 summo apud illos honore geometria fuit. Itaq

262.0 1575.0 749.0 65.0 nihil mathematicis illustrius. at nos metiendi Ø

1061.0 540.0 429.0 69.0 ¶ Marco nobiliori. Cognomentum est. Dice

1071 595 417 42 bant enim. M. fuluius nobilior: qui ȩrolos uicit. Unde

1073 622 420 44 ouans urbem introiuit. Ambraciam signis tabulisq:

1079.0 655.0 418.0 38.0 pictis spoliauit: quam uictoriam ennius insigni poe

1077.0 684.0 416.0 32.0 mate celebrauit. Q. fuluius nobilior .M. huiusce fi

1087.0 705.0 343.0 39.0 lius ennium ciuitate donauit.

1065.0 872.0 436.0 62.0 ¶ Fabio quod pingeret. Cognomen ex pictu

1076 916 417 48 ra traxerunt fabii clarissime gentis. Dicti enim sunt

1079.0 954.0 414.0 29.0 pictores. princepsq huius cognominis fabius edem

1079.0 973.0 419.0 40.0 salutis pinxit: quȩ pictura durauit ad plinii memo

1075.0 1004.0 419.0 33.0 riam. ede claudii principatu exusta. Refert liuius

1080.0 1023.0 417.0 42.0 fabium pictorem delphos ad oraculum missum Ø

1073.0 1051.0 430.0 43.0 hamiibale italiam uexante. fuit hic scriptor annaliũ

1080.0 1081.0 378.0 37.0 sed impolitus ac sine ullis ornamentis.

1076.0 1104.0 425.0 43.0 ¶ Honos alit artes. In hanc sententiam Ua

1077.0 1136.0 423.0 37.0 lerius. uirtutis uberrimum alimentum est honos

1065.0 1197.0 433.0 57.0 ¶ Epaminundas. Hic thebanus honesto ge

1077.0 1243.0 424.0 38.0 nere natus parte polymno. Cytharizare. et cantare ad

1076.0 1270.0 427.0 38.0 cordarum sonum doctus est a Dionysio: Carmina cã

1079.0 1295.0 415.0 35.0 tare tibiis ab olympiodoro saltare a caliphrone. In

1077.0 1325.0 420.0 38.0 philo sophia preceptorem habuit lysiam pythagoreũ

1077.0 1354.0 421.0 37.0 fuit modestus: prudens: grauis: peritus belli: fortis ma

1073.0 1379.0 424.0 34.0 nu: animo maximo: adeo ueritatis diligens: ut ne io

1080.0 1405.0 263.0 36.0 o quidem mentiretur.

1075.0 1429.0 418.0 44.0 ¶ Habitus indoctior. Quintilianus in pri

1079.0 1459.0 418.0 39.0 mo. Unde etiam ille mox: ut in conuiuis post cenam

1076.0 1486.0 420.0 37.0 circumferretur lyra: cuius cum se imperitum themi

1077.0 1512.0 420.0 38.0 stocles confessus esset. ut uerbis Ciceronis utar. est ha

1073.0 1537.0 421.0 39.0 bitus indoctior scribunt historici cymonem in cena

1075.0 1570.0 422.0 38.0 apud laomedontẽ nõ inuitũ decantasse ex quo laudatꝰ

1073.0 1595.0 421.0 41.0 est: prepositusq themistocli. quod ille neq cantare ne

1076.0 1623.0 425.0 39.0 q fidibus didicisse. Uerum amplissimam opulentissĩa:

1082.0 1652.0 326.0 35.0 q rem publicam sese scire facere iactasset.

252.0 1666.0 1244.0 45.0 ¶ Geometria In numeros atq formas diuisa geometria est quam oratori necessariam esse autumant eruditi: precipit Plato geometriam musicã

265.0 1702.0 867.0 73.0 q pueris esse dicendam: quȩ ab egyptiis ut ait strabo duxit originem sicut a phoenicibus arithmetica.
