1760 2500
266.0 437.0 764.0 68.0 MARCI.TULLII.CICERONͥS.TUSCULANA

338.0 488.0 671.0 68.0 RUM.QUESTIONUM.LIBER

498.0 547.0 511.0 71.0 PRIMUS

668.0 608.0 346.0 55.0 UM DEFENSIONŨ

662.0 659.0 352.0 64.0 laboribus senatoriisq

662.0 718.0 353.0 51.0 muneribus aut omnio:

659.0 769.0 360.0 62.0 aut magna ex parte es

658.0 823.0 368.0 61.0 sem aliquando liberatus

661.0 876.0 359.0 61.0 retuli me Brute te ortã

663.0 929.0 353.0 55.0 te maxime ad ea studia

658.0 986.0 357.0 57.0 quae retenta anmo re

265.0 1038.0 754.0 63.0 missa temporibus longo interuallo intermissa re

266.0 1093.0 750.0 57.0 uocaui. Et cum omnium artium quae ad rectam

262.0 1147.0 763.0 58.0 uiuendi uiam pertinerent ratio & disciplina studi

262.0 1201.0 756.0 60.0 o sapientiae quae philosophia dicitur contineretur

258.0 1254.0 754.0 58.0 hoc mihi latinis litteris illustrandum putaui¬

241.0 1304.0 777.0 65.0 Non quia philosophia graecis & litteris et doctori

261.0 1358.0 764.0 65.0 bus percipi non posset sed meum iudicium semper

262.0 1413.0 761.0 56.0 fuit omnia nostros: aut inuenisse per se sapientius

268.0 1468.0 750.0 65.0 ꝗͣ graecos: aut accepta ab illis fecisse meliora: quae ꝗ

263.0 1523.0 759.0 60.0 dem digna statuissent in quibus elaborarent. Nam

266.0 1581.0 757.0 56.0 mores et instituta uitae resq domesticas ac familia

723 56 121 73 3784.

1072 604 426 65 ¶Defensionum. Laus boni oratoris: ut in ac

1082 651 405 39 tionibus forensibus defendere malit ꝗͣ accusare. Cum

1075 675 415 43 homines hominum causa geniti sint: & deus sit mor

1076 702 411 39 tali iuuare mortalem: pręterea tum periculosum tum

1072 727 414 43 sordidum est : ut accusator nomineris: Quod cõtigit

1076 758 414 36 cuipiam. M. Bruto quid est enim tam inhumanum

1075 784 419 42 ꝗͣ eloquentiam a natura ad conseruationem homi

1077 813 414 77 num datam: ad hominum pestem pernitiemq con

1078 837 62 54 uertere.

1068 1137 429 64 ¶ Studio sapientiae. Sapientia perfectum bo

1073 1185 417 46 num est mentis humane: philosophia sapientię amor

1076 1218 420 38 est: & affectatio: quod et ipso nomine fatetur: quidam

1071 1239 422 44 sapientiam dixerunt esse diuinorum & humanorum

1075 1270 422 38 scientiam quam gręci sophiam uocant: philosophiam

1079 1302 418 34 uero uirtutis studium. Alii studium corrigendę men

1077 1325 414 36 tis. A quibusdam dicta est appetitio rectae rationis: ab

1080 1351 411 39 aliis uitę lex. philosophia ut ait uerissime seneca. A

1075 1380 418 39 nimum format et fabricat : uitam disponit: actiones

1076 1400 423 45 regit: agenda & omitenda demonstrat: sine hac nemo

1075 1433 418 40 securus est. philosophandum est: sine fato cuncta re

1071 1460 419 44 guntur: siue casus res humanas impellit: siue deus

1075 1487 419 36 uniuersi arbiter et conditor cuncta disponit.

1090 1515 407 40 ¶Nostros. Laus romanorum : de quibus plinius

1079 1544 415 37 gentium in toto orbe pręstantissima una omni uirtu

1080 1568 410 40 te haud dubie Romana extitit. Cicero quoq aliubi

1075 1597 421 37 inquit. Ingenia ut multis rebus possumus iudicare

1077 1622 419 39 nostrorum hominum: multum ceteris hominibus

1076 1650 264 45 omnium gentium prestiterunt.

1361 2072 202 125 6337
