3602 5306
1082 557 959 179 existimandum Occeanum.n.

1076 701 950 121 et thetĩ generatõnis parentes

1070 801 956 127 fecerunt . sacramentum deoꝵ

1082 884 947 121 aqͣm eflig̾e ab ip̃is poetis uo

1088 984 950 115 tatam honorabłius enim qͥ ã

1088 1078 953 104 tiquius sacramentum autẽ ꝙ

1088 1149 944 118 honorabłius s quidem gͥ anti

1094 1249 950 106 quior aliqua ista et senior su

1097 1338 926 100 it de natura omnino opinio

1103 1417 914 115 forsan utiq incertum erit.

1109 1503 920 115 ¶ Thales quidem ẜ hunc mo

1100 1585 932 121 dum pronumciasse dr̃. de pri

1103 1680 950 115 ma cã ¶ Opponere quidem.n.

1103 1748 964 129 ñ utiq aliquid dignificabit

1103 1851 953 135 possuisse cũ hii pp̾ sui intellec

1109 1936 953 130 ctꝰ ꝑuitatem. Anaximenes ã

1109 2039 908 127 et dỹogenes aerem priorem

1106 2116 953 127 aqͣ. et maxime principium sĩ

1115 2225 917 127 plicium corporum ponunt.

1126 2293 918 153 ¶ Yspasus aut̃ methapontinꝰ

1121 2393 926 139 et eraclitus ephesius ignem

1121 2476 958 141 ¶ Empedocles u̾o quatuor cũ di

1123 2576 936 109 ctis addens terram quartam

1123 2647 936 129 Ea namq sꝑ dixit man̾e et

1129 2741 930 121 numꝙͣ fĩ nisi pluralitate ⁊

1129 2826 936 151 paucitate cõgata et disgrega

1129 2921 915 127 ta in unum ex uno anaxa

1132 3009 903 133 goras u̾o dacomenius¶ Isto

1129 3083 924 130 estate prior fcĩs u̾o posterior

1118 3180 926 142 Infinita dixit ẽẽ principia

1129 3274 936 127 Nam fere omnia partium

1135 3342 950 130 consiłium ut ignem aut aꝙͣ

1150 3440 968 115 ita generari et corrumpi ait

1150 3522 947 136 congregatõne et disgregatõ

1144 3605 932 176 ne solũ ałr aut̃ nec gn̾ari nͨ

2144 560 968 171 corrumpi. s ꝑman̾e sempiterna

2162 695 962 130 ¶ Ex hiis quidem gͥ solam quis

2150 798 1000 112 cam intelligeret eam q̃ in mat̾ie

2147 872 988 139 sp̃e dr̃. ¶ Procedentib aut̃ sic. res

2144 975 956 121 ip̃a sibi uiam fecit et querere

2147 1064 959 109 coegit. Si enim qͣm maxime

2147 1146 994 109 corruptõ et grĩo ex aliquo uno

2156 1220 985 130 aut et płib est quałr ħ acc̃it

2159 1314 985 118 et q̃ cã ñ enim utiq facit ip̃m

2159 1400 959 118 sb̃m transmutare se ip̃m dico

2162 1485 982 121 aute ueluti n lignum n es al

2165 1571 988 112 terutrum l ip̃orum permutan

2168 1656 973 109 di est cã. N enim lignum fa

2165 1736 982 129 cit lectum n ess statuam s aᵈ

2168 1818 988 139 aliquid mutatõnis est cã ħ ã

2168 1910 1000 147 quere ẽ aliud principium q̃rere

2171 2022 979 112 ut si nos dicamus uinum prĩ

2177 2101 1000 124 cipuum motus gͥ omnino qui

2177 2199 1017 129 talem a principio uiam tetige

2180 2287 1003 118 runt et unum ẽẽ sb̃m dixerunt

2180 2361 994 132 nicħ difficłtatis sͥmet fecerunt

2180 2455 985 130 uerum quidẽ unum ẽẽ dicenti

2177 2546 982 115 um qiͣ ab ea qõne deuicti ip̃m

2188 2620 980 139 unum immobłe dicunt ẽẽ ⁊ nͣ

2183 2711 967 121 turam totam ñ solum ẜ gene

2185 2785 971 142 ratõnẽ et corruptõnem ħ et

2185 2871 1001 150 enim et antiqum ẽ et qd̃ õs ẽẽ

2188 2965 992 141 confessi sunt uerum et ẜ aliã

2194 3059 965 121 mutatõnẽ omnẽ et ħ eorum

2194 3154 965 126 est principium ꝓpriũ unum

2194 3233 965 124 ergo solum dñcium ip̃m ẽẽ

2200 3319 962 132 nulli talẽ intelligere cam cõ

2194 3416 968 124 uenit nisi forte ꝑmenidi ⁊

2200 3501 968 124 ħ in tantum qr nõ solum u

2200 3590 997 183 nũ s ⁊ duas aliquałr ponit
