<?xml version="1.0" encoding="UTF-8"?>
<alto xmlns:xsi="http://www.w3.org/2001/XMLSchema-instance"
      xmlns="http://www.loc.gov/standards/alto/ns-v4#"
      xsi:schemaLocation="http://www.loc.gov/standards/alto/ns-v4# http://www.loc.gov/standards/alto/v4/alto-4-2.xsd">
  <Description>
    <MeasurementUnit>pixel</MeasurementUnit>
    <sourceImageInformation>
      <fileName>btv1b10039103d_f42.jpg</fileName>
      
    </sourceImageInformation>
  </Description>
  
  <Tags>
    <OtherTag ID="BT8614" LABEL="DropCapitalZone" DESCRIPTION="block type DropCapitalZone"/><OtherTag ID="BT8613" LABEL="MarginTextZone" DESCRIPTION="block type MarginTextZone"/><OtherTag ID="BT8612" LABEL="NumberingZone" DESCRIPTION="block type NumberingZone"/><OtherTag ID="BT8611" LABEL="MainZone" DESCRIPTION="block type MainZone"/>
    <OtherTag ID="LT2943" LABEL="DefaultLine" DESCRIPTION="line type DefaultLine"/><OtherTag ID="LT1774" LABEL="default" DESCRIPTION="line type default"/>
  </Tags>
  
  <Layout>
    <Page WIDTH="4622"
          HEIGHT="3385"
          PHYSICAL_IMG_NR="1"
          ID="eSc_dummypage_">
      <PrintSpace HPOS="0"
                  VPOS="0"
                  WIDTH="4622"
                  HEIGHT="3385">
        
        <TextBlock HPOS="218"
                   VPOS="443"
                   WIDTH="1901"
                   HEIGHT="2383"
                   ID="eSc_textblock_2f2eaac1"
                   TAGREFS="BT8611">
          <Shape><Polygon POINTS="2005 443 2065 473 2073 780 2020 908 2057 940 2080 1286 2088 2360 2119 2798 1141 2798 1141 2826 338 2826 285 1369 218 1171 285 511 1811 443"/></Shape>
          
          
          <TextLine ID="eSc_line_b4b42c61"
                    TAGREFS="LT2943"
                    BASELINE="291 556 2046 509" 
                    HPOS="289"
                    VPOS="443"
                    WIDTH="1757"
                    HEIGHT="141">
            <Shape><Polygon POINTS="2037 460 2031 456 1975 443 1973 443 1892 462 1836 447 1834 447 1832 447 1536 472 1471 458 1469 458 1388 472 1299 464 1284 466 1266 466 1264 466 1254 475 1220 468 1209 470 1190 470 1185 470 1177 475 1170 472 1153 472 1134 472 1115 473 1096 473 1077 475 1072 475 1051 485 1012 477 1004 477 985 479 976 479 959 487 816 487 797 487 778 488 759 488 741 490 722 490 703 492 684 492 665 492 647 494 628 494 609 496 590 496 571 498 553 498 534 500 515 500 496 500 477 502 459 502 440 503 421 503 402 505 383 505 364 507 346 507 327 507 308 509 289 509 291 556 291 584 511 567 897 569 904 569 906 569 908 569 965 552 1119 556 1121 556 1123 556 1124 556 1138 545 1422 541 1476 554 1480 554 1482 554 1484 554 1487 554 1555 534 1907 528 1941 537 1943 537 1945 537 1946 537 1969 526 2042 537 2046 509 2042 462 2037 460"/></Shape>
	    <String CONTENT="que len auroit euz pour la reson du dit achat ou de la uente du"
                    HPOS="289"
                    VPOS="443"
                    WIDTH="1757"
                    HEIGHT="141"></String>
          </TextLine>

          
          
          <TextLine ID="eSc_line_e3092f7e"
                    TAGREFS="LT2943"
                    BASELINE="293 645 857 643 1790 613 2042 613" 
                    HPOS="291"
                    VPOS="549"
                    WIDTH="1751"
                    HEIGHT="126">
            <Shape><Polygon POINTS="293 663 457 661 464 661 532 675 534 675 536 675 581 661 929 661 931 661 933 661 953 650 955 650 974 650 1091 656 1092 656 1136 646 1141 646 1149 646 1260 658 1262 658 1264 658 1294 645 1420 654 1422 654 1709 633 1749 629 1931 628 1941 628 2016 639 2018 639 2020 639 2022 639 2042 626 2042 613 2041 562 1963 549 1962 549 1960 549 1931 562 1928 562 1745 551 1743 551 1677 566 1659 569 1593 567 1518 564 1516 564 1514 564 1503 567 1489 573 1478 567 1461 562 1459 562 1457 562 1425 569 1401 575 1378 569 1358 564 1356 564 1354 564 1352 564 1331 569 1311 577 1297 571 1279 562 1277 562 1275 562 1273 562 1254 571 1241 577 1200 571 1190 571 1188 571 1175 571 1096 582 1057 573 1028 567 1027 567 1025 567 1010 575 989 584 910 575 884 573 882 573 880 573 870 577 835 588 812 577 808 575 807 575 805 575 803 575 797 577 771 592 692 592 596 579 583 579 581 579 556 581 393 594 291 584 293 645 293 663"/></Shape>
	    <String CONTENT="demi enp̾ de terre desus nõme. ⁊ par son fet et en la maniere"
                    HPOS="291"
                    VPOS="549"
                    WIDTH="1751"
                    HEIGHT="126"></String>
          </TextLine>

          
          
          <TextLine ID="eSc_line_bb0a339d"
                    TAGREFS="LT2943"
                    BASELINE="299 742 1091 727 1681 705 2041 701" 
                    HPOS="295"
                    VPOS="633"
                    WIDTH="1746"
                    HEIGHT="136">
            <Shape><Polygon POINTS="299 742 299 755 379 769 381 769 475 752 767 746 822 759 823 759 825 759 923 757 1542 740 1544 740 1546 740 1568 725 1619 725 1627 725 1679 739 1681 739 1683 739 1685 739 1725 729 1820 735 1822 735 1824 735 1875 720 1997 729 1999 729 2001 729 2041 714 2041 701 2035 650 1954 650 1952 650 1924 633 1922 633 1920 633 1884 633 1883 633 1881 633 1879 633 1862 643 1702 637 1700 637 1698 637 1696 637 1677 648 1640 639 1638 639 1636 639 1634 639 1632 639 1608 656 1602 660 1578 656 1493 645 1491 645 1369 660 1309 667 1260 661 1156 650 1155 650 1153 650 1104 665 1076 673 1062 665 1059 661 1057 661 1055 661 1053 661 1030 665 1010 669 991 667 929 656 927 656 925 656 904 667 886 678 840 678 758 671 741 669 739 669 705 671 539 684 522 675 511 667 509 667 507 667 506 667 504 667 479 675 436 688 368 677 331 671 329 671 295 677 299 742"/></Shape>
	    <String CONTENT="desus dite recõnut le dit thibaut q̃ il sestoit dessesi de la t̾re"
                    HPOS="295"
                    VPOS="633"
                    WIDTH="1746"
                    HEIGHT="136"></String>
          </TextLine>

          
          
          <TextLine ID="eSc_line_5f425dc4"
                    TAGREFS="LT2943"
                    BASELINE="297 823 2054 778" 
                    HPOS="293"
                    VPOS="716"
                    WIDTH="1761"
                    HEIGHT="128">
            <Shape><Polygon POINTS="297 823 297 844 2054 806 2054 778 2048 729 1962 729 1960 729 1907 716 1905 716 1903 716 1822 733 1815 733 1809 733 1773 724 1772 724 1770 724 1702 735 1683 737 1672 735 1623 724 1621 724 1619 724 1617 724 1602 737 1597 740 1536 740 1503 737 1454 733 1452 733 1403 739 1365 744 1356 740 1335 731 1333 731 1331 731 1277 742 1241 748 1181 742 1104 737 1102 737 1062 744 1021 754 936 748 912 746 910 746 893 748 835 757 784 750 758 746 756 746 733 750 692 761 671 752 664 748 662 748 660 748 658 748 643 752 605 763 506 755 485 754 483 754 472 755 413 769 391 757 389 757 387 757 293 757 297 823"/></Shape>
	    <String CONTENT="desus dite cõme de uente en sa main du seign̾ de cui en la tient"
                    HPOS="293"
                    VPOS="716"
                    WIDTH="1761"
                    HEIGHT="128"></String>
          </TextLine>

          
          
          <TextLine ID="eSc_line_5a26c3e0"
                    TAGREFS="LT2943"
                    BASELINE="293 893 1271 874" 
                    HPOS="291"
                    VPOS="818"
                    WIDTH="980"
                    HEIGHT="103">
            <Shape><Polygon POINTS="293 893 293 921 585 921 586 921 588 921 588 919 590 919 592 915 596 912 658 913 778 919 780 919 782 919 784 919 797 910 803 906 878 906 906 908 995 913 997 913 998 913 1000 913 1012 904 1013 904 1025 904 1158 912 1160 912 1162 912 1164 912 1164 910 1175 900 1175 898 1271 897 1271 874 1267 825 1083 818 1081 818 1079 818 1044 829 1040 831 1034 829 1015 823 1013 823 1012 823 852 834 831 834 827 834 776 823 775 823 773 823 739 836 737 838 643 838 613 827 611 827 609 827 607 827 556 840 554 840 519 831 517 831 515 831 421 842 302 833 300 833 299 833 297 833 297 834 291 838 293 893"/></Shape>
	    <String CONTENT="Li quiex a sa req̃ste en resessi"
                    HPOS="291"
                    VPOS="818"
                    WIDTH="980"
                    HEIGHT="103"></String>
          </TextLine>

          
          
          <TextLine ID="eSc_line_ed317934"
                    TAGREFS="LT2943"
                    BASELINE="280 1049 2018 989" 
                    HPOS="276"
                    VPOS="912"
                    WIDTH="1742"
                    HEIGHT="163">
            <Shape><Polygon POINTS="280 1049 280 1068 310 1075 312 1075 374 1064 404 1060 428 1062 487 1070 489 1070 490 1070 513 1060 517 1058 547 1058 652 1060 654 1060 728 1051 769 1045 882 1045 1256 1043 1456 1024 1480 1023 1495 1023 1634 1030 1636 1030 1813 1013 1839 1023 1841 1023 1843 1023 1845 1023 1873 1007 2018 1002 2018 989 2012 923 1960 912 1958 912 1956 912 1924 925 1881 942 1826 927 1796 919 1794 919 1792 919 1790 919 1770 928 1732 945 1694 936 1693 936 1691 936 1689 936 1662 949 1576 942 1574 942 1480 959 1427 947 1425 947 1354 964 1262 940 1250 938 1249 938 1247 938 1245 938 1237 942 1192 964 1141 960 1139 960 1138 960 1102 972 1032 947 1028 945 1027 945 1025 945 1023 945 1021 945 1021 947 974 977 893 964 891 964 889 964 842 976 788 960 786 960 784 960 782 960 694 985 654 972 652 972 650 972 451 989 402 962 400 962 398 962 276 964 280 1049"/></Shape>
	    <String CONTENT="n nomine scẽ ⁊ indiuidue tͥnitatis. Notũ sit om̃ib fidelib eccłie"
                    HPOS="276"
                    VPOS="912"
                    WIDTH="1742"
                    HEIGHT="163"></String>
          </TextLine>

          
          
          <TextLine ID="eSc_line_b5e87737"
                    TAGREFS="LT2943"
                    BASELINE="295 1122 1544 1086 2041 1081" 
                    HPOS="291"
                    VPOS="1026"
                    WIDTH="1750"
                    HEIGHT="121">
            <Shape><Polygon POINTS="295 1122 295 1147 539 1141 541 1141 583 1130 914 1130 1081 1130 1081 1128 1132 1122 1187 1115 1363 1115 1655 1115 1655 1113 1657 1113 1659 1113 1672 1103 1674 1102 1734 1102 1777 1102 1794 1109 1796 1109 1798 1109 2041 1090 2041 1081 2037 1026 1728 1026 1726 1026 1661 1036 1649 1038 1640 1038 1602 1030 1600 1030 1544 1039 1531 1041 1521 1039 1484 1034 1482 1034 1333 1045 1288 1049 1275 1047 1224 1039 1222 1039 1220 1039 1218 1039 1207 1049 1203 1053 1008 1056 987 1056 880 1049 878 1049 876 1049 852 1060 850 1060 838 1060 724 1053 722 1053 720 1053 696 1064 696 1066 502 1070 500 1070 438 1060 436 1060 291 1075 295 1122"/></Shape>
	    <String CONTENT="filiis ꝙ renaudꝰ musauene pro anima [[re]] bouchardi de monte"
                    HPOS="291"
                    VPOS="1026"
                    WIDTH="1750"
                    HEIGHT="121"></String>
          </TextLine>

          
          
          <TextLine ID="eSc_line_806f3fee"
                    TAGREFS="LT2943"
                    BASELINE="244 1209 897 1180 2029 1156" 
                    HPOS="242"
                    VPOS="1098"
                    WIDTH="1787"
                    HEIGHT="126">
            <Shape><Polygon POINTS="244 1209 244 1224 729 1224 795 1211 820 1203 951 1201 963 1205 991 1214 993 1214 995 1214 997 1214 1023 1203 1032 1199 1062 1201 1126 1207 1128 1207 1130 1207 1145 1199 1153 1196 1196 1197 1356 1207 1358 1207 1360 1207 1361 1207 1382 1192 1384 1190 1427 1188 1437 1190 1476 1203 1478 1203 1480 1203 1659 1190 1839 1194 1841 1194 1918 1175 1924 1173 2027 1171 2029 1156 2026 1105 1997 1098 1995 1098 1994 1098 1899 1109 1860 1100 1858 1100 1856 1100 1854 1100 1852 1100 1834 1111 1661 1105 1659 1105 1657 1105 1632 1117 1568 1107 1567 1107 1478 1118 1427 1111 1425 1111 1350 1124 1294 1115 1292 1115 1290 1115 1288 1115 1273 1128 1139 1130 942 1124 940 1124 859 1137 748 1130 746 1130 519 1147 460 1137 459 1137 457 1137 455 1137 436 1150 242 1154 244 1209"/></Shape>
	    <String CONTENT="morenciaco ⁊ ꝓ anima sua ⁊ antecessoꝵ suoꝵ dedit ⁊ ꝯcessit in"
                    HPOS="242"
                    VPOS="1098"
                    WIDTH="1787"
                    HEIGHT="126"
                    WC="0.987382707048635"></String>
          </TextLine>

          
          
          <TextLine ID="eSc_line_70edb21a"
                    TAGREFS="LT2943"
                    BASELINE="300 1290 1687 1246 2052 1243" 
                    HPOS="297"
                    VPOS="1175"
                    WIDTH="1755"
                    HEIGHT="139">
            <Shape><Polygon POINTS="300 1290 300 1314 442 1301 641 1305 675 1305 677 1305 701 1303 814 1290 842 1297 844 1297 846 1297 867 1297 1183 1278 1256 1282 1303 1286 1305 1286 1307 1286 1309 1286 1314 1280 1320 1276 1339 1280 1361 1284 1363 1284 1433 1276 1508 1269 1559 1273 1621 1276 1623 1276 2052 1254 2052 1243 2042 1175 1995 1188 1971 1177 1969 1177 1967 1177 1822 1180 1817 1180 1747 1199 1621 1199 1597 1188 1595 1188 1593 1188 1591 1188 1551 1205 1467 1205 1444 1194 1442 1194 1440 1194 1307 1211 1198 1199 1188 1199 1187 1199 1185 1199 1183 1199 1155 1211 1068 1205 1066 1205 985 1220 936 1207 933 1207 931 1207 929 1207 927 1207 921 1209 865 1224 767 1212 759 1212 758 1212 752 1212 677 1229 628 1216 624 1216 622 1216 620 1216 618 1216 613 1216 551 1233 297 1228 300 1290"/></Shape>
	    <String CONTENT="ꝑpetuam elemosinam domui dei de pontisara ad ꝓcuratõnẽ uniꝰ"
                    HPOS="297"
                    VPOS="1175"
                    WIDTH="1755"
                    HEIGHT="139"></String>
          </TextLine>

          
          
          <TextLine ID="eSc_line_57730b46"
                    TAGREFS="LT2943"
                    BASELINE="306 1367 2057 1312" 
                    HPOS="302"
                    VPOS="1256"
                    WIDTH="1755"
                    HEIGHT="133">
            <Shape><Polygon POINTS="306 1367 306 1389 1331 1348 1358 1352 1392 1359 1393 1359 1395 1359 1416 1350 1422 1348 1429 1350 1448 1355 1450 1355 1452 1355 1527 1346 1576 1340 1612 1342 1693 1350 1694 1350 1852 1335 1871 1344 1873 1344 1875 1344 2056 1325 2057 1312 2050 1256 1935 1269 1834 1263 1828 1263 1826 1263 1824 1263 1822 1263 1787 1273 1766 1265 1760 1263 1758 1263 1756 1263 1738 1267 1687 1276 1583 1273 1542 1271 1540 1271 1538 1271 1525 1275 1493 1282 1471 1276 1459 1273 1457 1273 1456 1273 1382 1280 1271 1290 1209 1286 1153 1282 1151 1282 1121 1290 1091 1295 1038 1291 972 1288 970 1288 968 1288 953 1295 944 1299 912 1297 855 1291 854 1291 801 1301 775 1305 696 1305 522 1303 521 1303 302 1318 306 1367"/></Shape>
	    <String CONTENT="sacerdotis qui in eadem domo diuina celebrabit mysteria .xlͣ. soł"
                    HPOS="302"
                    VPOS="1256"
                    WIDTH="1755"
                    HEIGHT="133"></String>
          </TextLine>

          
          
          <TextLine ID="eSc_line_9e6bf4c9"
                    TAGREFS="LT2943"
                    BASELINE="310 1444 2059 1389" 
                    HPOS="306"
                    VPOS="1335"
                    WIDTH="1753"
                    HEIGHT="135">
            <Shape><Polygon POINTS="310 1444 310 1459 440 1459 479 1470 481 1470 483 1470 669 1464 671 1464 699 1453 951 1453 953 1453 955 1453 957 1453 976 1440 981 1436 1335 1427 1361 1429 1444 1438 1446 1438 1629 1434 1798 1427 1800 1427 1826 1416 1836 1412 1875 1414 1994 1423 1995 1423 2059 1408 2059 1389 2056 1342 1877 1335 1875 1335 1756 1350 1755 1350 1732 1340 1730 1340 1728 1340 1726 1340 1691 1352 1687 1352 1516 1346 1514 1346 1444 1359 1442 1359 1440 1359 1339 1352 1337 1352 1335 1352 1288 1363 1158 1357 1156 1357 1036 1372 1027 1372 1015 1372 886 1367 884 1367 882 1367 850 1378 846 1378 842 1378 791 1370 790 1370 788 1370 786 1370 773 1380 771 1382 746 1382 447 1382 445 1382 443 1382 417 1391 413 1391 411 1391 374 1382 372 1382 370 1382 306 1393 310 1444"/></Shape>
	    <String CONTENT="annuatim percipiendos in censu suo de tau̾niaco ad oct̾ scĩ dyon̾"
                    HPOS="306"
                    VPOS="1335"
                    WIDTH="1753"
                    HEIGHT="135"></String>
          </TextLine>

          
          
          <TextLine ID="eSc_line_b6843150"
                    TAGREFS="LT2943"
                    BASELINE="289 1511 2052 1468" 
                    HPOS="287"
                    VPOS="1421"
                    WIDTH="1765"
                    HEIGHT="111">
            <Shape><Polygon POINTS="289 1511 289 1532 741 1532 741 1530 743 1530 744 1530 758 1519 759 1517 767 1519 791 1527 793 1527 795 1527 874 1517 893 1515 904 1515 976 1525 978 1525 1038 1513 1057 1510 1111 1511 1282 1517 1284 1517 1286 1517 1316 1506 1324 1504 1373 1504 1497 1508 1499 1508 1610 1498 1668 1495 1706 1496 1820 1504 1822 1504 1898 1491 1918 1489 2050 1489 2052 1468 2046 1421 1608 1423 1373 1438 1281 1444 1243 1442 1139 1434 1138 1434 1070 1446 1049 1451 743 1457 735 1455 703 1446 701 1446 699 1446 697 1446 669 1457 664 1459 658 1457 624 1448 622 1448 620 1448 618 1448 596 1459 594 1461 498 1463 490 1463 440 1451 438 1451 287 1466 289 1511"/></Shape>
	    <String CONTENT="⁊ qͣtuor modios uini quos assignauit capiendos tempore uinde"
                    HPOS="287"
                    VPOS="1421"
                    WIDTH="1765"
                    HEIGHT="111"></String>
          </TextLine>

          
          
          <TextLine ID="eSc_line_5a2a31c9"
                    TAGREFS="LT2943"
                    BASELINE="310 1594 1570 1555 2059 1547" 
                    HPOS="306"
                    VPOS="1493"
                    WIDTH="1753"
                    HEIGHT="126">
            <Shape><Polygon POINTS="310 1594 310 1609 434 1619 436 1619 741 1600 825 1596 948 1596 1207 1596 1209 1596 1247 1589 1290 1581 1352 1587 1399 1590 1401 1590 1450 1585 1533 1572 2057 1570 2059 1547 2054 1493 306 1545 310 1594"/></Shape>
	    <String CONTENT="miarũ in quodam redditu uini quem aꝑud eamdem uillam possi"
                    HPOS="306"
                    VPOS="1493"
                    WIDTH="1753"
                    HEIGHT="126"></String>
          </TextLine>

          
          
          <TextLine ID="eSc_line_1bead39e"
                    TAGREFS="LT2943"
                    BASELINE="306 1681 1828 1637 2061 1637" 
                    HPOS="302"
                    VPOS="1574"
                    WIDTH="1759"
                    HEIGHT="129">
            <Shape><Polygon POINTS="306 1681 306 1696 506 1703 507 1703 667 1688 714 1683 807 1683 812 1684 825 1692 827 1692 829 1692 933 1683 989 1675 1202 1671 1209 1675 1220 1681 1222 1681 1224 1681 1311 1673 1354 1669 1363 1671 1384 1679 1386 1679 1388 1679 1514 1668 1615 1658 2061 1654 2061 1637 2057 1585 2026 1577 2024 1577 2022 1577 1930 1589 1920 1589 1916 1589 1864 1574 1862 1574 1860 1574 1858 1574 1815 1590 1813 1592 1756 1592 1753 1590 1726 1579 1725 1579 1723 1579 1721 1579 1719 1579 1700 1592 1694 1596 1544 1598 1536 1594 1518 1585 1516 1585 1454 1585 1452 1585 1397 1598 1384 1600 1375 1598 1348 1589 1346 1589 1345 1589 1343 1589 1320 1598 1303 1605 1282 1600 1260 1592 1258 1592 1256 1592 1205 1600 1153 1609 1126 1602 1108 1596 1106 1596 1104 1596 1102 1596 1079 1604 1062 1607 997 1604 912 1600 910 1600 844 1602 842 1602 840 1602 833 1607 820 1615 709 1613 707 1613 705 1613 679 1622 603 1613 601 1613 428 1630 391 1617 389 1617 387 1617 385 1617 349 1626 302 1617 306 1681"/></Shape>
	    <String CONTENT="debat. si autem redditꝰ ille uini ad illos qͣtuor modios uini per"
                    HPOS="302"
                    VPOS="1574"
                    WIDTH="1759"
                    HEIGHT="129"></String>
          </TextLine>

          
          
          <TextLine ID="eSc_line_ce0ffb57"
                    TAGREFS="LT2943"
                    BASELINE="314 1767 2067 1711" 
                    HPOS="310"
                    VPOS="1651"
                    WIDTH="1757"
                    HEIGHT="139">
            <Shape><Polygon POINTS="314 1767 314 1784 483 1790 485 1790 647 1775 650 1775 652 1775 720 1784 722 1784 859 1769 893 1779 895 1779 897 1779 899 1779 949 1765 955 1763 959 1763 985 1773 987 1773 989 1773 1085 1763 1130 1771 1132 1771 1292 1765 1294 1765 1322 1752 1324 1752 1329 1752 1397 1762 1399 1762 1598 1756 1704 1741 1719 1739 1734 1739 1820 1745 1822 1745 2065 1728 2067 1711 2059 1651 1969 1666 1935 1654 1933 1654 1931 1654 1843 1658 1841 1658 1773 1675 1726 1662 1719 1660 1717 1660 1715 1660 1696 1662 1615 1677 1557 1668 1542 1666 1540 1666 1538 1666 1529 1669 1478 1686 1378 1686 1326 1675 1311 1673 1309 1673 1307 1673 1305 1673 1301 1677 1282 1688 1217 1679 1205 1679 1203 1679 1202 1679 1200 1679 1198 1681 1179 1696 1025 1698 985 1688 970 1684 968 1684 966 1684 965 1684 946 1690 891 1705 797 1705 759 1696 744 1692 743 1692 741 1692 739 1692 726 1698 707 1703 665 1700 630 1696 628 1696 626 1696 613 1701 585 1713 310 1713 314 1767"/></Shape>
	    <String CONTENT="ficiendos nõ sufficeret : statuit p̾fatꝰ renaudꝰ ꝙ de uineis suis eiꝰd̃"
                    HPOS="310"
                    VPOS="1651"
                    WIDTH="1757"
                    HEIGHT="139"></String>
          </TextLine>

          
          
          <TextLine ID="eSc_line_275c222d"
                    TAGREFS="LT2943"
                    BASELINE="323 1846 2059 1797" 
                    HPOS="319"
                    VPOS="1735"
                    WIDTH="1740"
                    HEIGHT="138">
            <Shape><Polygon POINTS="323 1846 323 1859 385 1873 387 1873 479 1857 581 1867 583 1867 630 1857 720 1863 722 1863 724 1863 752 1852 852 1856 854 1856 855 1856 874 1846 878 1844 891 1844 966 1854 968 1854 970 1854 991 1842 995 1841 1019 1842 1106 1848 1108 1848 1297 1835 1329 1833 1335 1833 1388 1844 1390 1844 1452 1831 1461 1829 1487 1829 1655 1837 1657 1837 1741 1824 1755 1820 1994 1816 1997 1816 2029 1826 2031 1826 2033 1826 2035 1826 2059 1814 2059 1797 2054 1735 1963 1750 1879 1741 1858 1739 1856 1739 1839 1743 1787 1754 1698 1747 1659 1745 1657 1745 1655 1745 1653 1745 1647 1748 1629 1762 1582 1762 1565 1752 1561 1748 1559 1748 1557 1748 1555 1748 1553 1748 1538 1752 1501 1765 1241 1771 1224 1763 1217 1762 1215 1762 1213 1762 1211 1762 1203 1765 1185 1773 1124 1767 1055 1762 1053 1762 1051 1762 1025 1771 1008 1777 985 1773 946 1765 944 1765 942 1765 940 1765 927 1775 918 1780 910 1775 908 1773 906 1773 904 1773 902 1773 876 1777 838 1782 823 1779 791 1769 790 1769 788 1769 786 1769 752 1780 748 1782 746 1780 735 1773 733 1773 731 1773 729 1773 728 1773 703 1782 697 1784 686 1784 622 1775 620 1775 618 1775 586 1786 577 1790 545 1788 477 1784 475 1784 319 1795 323 1846"/></Shape>
	    <String CONTENT="uille defectꝰ ꝑfice̾tur. Et p̾te̾a dedit imꝑꝑetiuum p̾nõiatꝰ renaudꝰ"
                    HPOS="319"
                    VPOS="1735"
                    WIDTH="1740"
                    HEIGHT="138"></String>
          </TextLine>

          
          
          <TextLine ID="eSc_line_4352cdc3"
                    TAGREFS="LT2943"
                    BASELINE="317 1931 1358 1895 2037 1882" 
                    HPOS="314"
                    VPOS="1816"
                    WIDTH="1723"
                    HEIGHT="136">
            <Shape><Polygon POINTS="317 1931 317 1952 528 1938 600 1944 630 1946 632 1946 652 1942 697 1933 844 1935 944 1936 946 1936 1072 1927 1168 1920 1202 1921 1256 1927 1258 1927 1303 1918 1326 1914 1337 1918 1358 1923 1360 1923 1361 1923 1446 1914 1476 1910 1523 1910 1698 1914 1700 1914 1945 1895 1954 1895 1956 1895 2003 1905 2005 1905 2007 1905 2037 1891 2037 1882 2033 1835 1954 1816 1952 1816 1950 1816 1898 1837 1896 1837 1890 1837 1802 1831 1800 1831 1728 1841 1696 1844 1676 1842 1636 1835 1634 1835 1583 1844 1555 1848 1546 1844 1525 1835 1523 1835 1521 1835 1465 1846 1435 1852 1422 1846 1403 1839 1401 1839 1399 1839 1397 1839 1373 1848 1365 1850 1333 1848 1260 1844 1258 1844 1256 1844 1243 1850 1226 1857 1196 1852 1185 1850 1183 1850 1168 1852 1128 1859 1108 1854 1072 1842 1070 1842 1068 1842 991 1856 936 1865 921 1857 902 1848 901 1848 899 1848 852 1859 816 1867 795 1859 773 1852 771 1852 769 1852 767 1852 733 1861 684 1874 314 1871 317 1931"/></Shape>
	    <String CONTENT="p̾dc̃e domui unũ modiũ bladi in granchia sua scĩ gratiam de"
                    HPOS="314"
                    VPOS="1816"
                    WIDTH="1723"
                    HEIGHT="136"></String>
          </TextLine>

          
          
          <TextLine ID="eSc_line_0bc2dcdb"
                    TAGREFS="LT2943"
                    BASELINE="323 2008 2071 1952" 
                    HPOS="321"
                    VPOS="1893"
                    WIDTH="1750"
                    HEIGHT="132">
            <Shape><Polygon POINTS="323 2025 848 2019 951 2008 968 2006 976 2006 1021 2014 1023 2014 1089 2002 1098 2002 1138 2002 1427 2002 1427 2000 1480 1991 1489 1989 1516 1989 1651 1993 1653 1993 1655 1993 1676 1983 1677 1982 2069 1970 2071 1952 2067 1901 2035 1893 2033 1893 2031 1893 2029 1893 1997 1905 1990 1906 1984 1905 1956 1893 1954 1893 1952 1893 1854 1908 1851 1908 1847 1908 1741 1901 1740 1901 1738 1901 1715 1912 1709 1916 1702 1914 1666 1903 1664 1903 1662 1903 1604 1916 1587 1920 1570 1918 1512 1908 1510 1908 1508 1908 1506 1908 1489 1920 1482 1925 1109 1935 1085 1933 1025 1925 1023 1925 940 1936 902 1942 887 1938 850 1929 848 1929 846 1929 791 1942 771 1946 718 1944 603 1938 601 1938 600 1938 564 1948 545 1953 530 1950 515 1946 513 1946 511 1946 509 1946 507 1946 502 1952 492 1957 321 1957 323 2008 323 2025"/></Shape>
	    <String CONTENT="blado eiusdẽ granchie infra mensem augusti reddendũ. Concessit"
                    HPOS="321"
                    VPOS="1893"
                    WIDTH="1750"
                    HEIGHT="132"></String>
          </TextLine>

          
          
          <TextLine ID="eSc_line_cc0bd9ed"
                    TAGREFS="LT2943"
                    BASELINE="321 2081 2067 2031" 
                    HPOS="319"
                    VPOS="1972"
                    WIDTH="1748"
                    HEIGHT="139">
            <Shape><Polygon POINTS="321 2081 321 2111 387 2100 415 2109 417 2109 419 2109 421 2109 472 2094 562 2106 577 2106 579 2106 611 2104 782 2085 906 2093 965 2094 966 2094 1004 2089 1064 2078 1121 2083 1155 2087 1156 2087 1158 2087 1160 2087 1166 2081 1179 2074 1196 2081 1211 2087 1213 2087 1215 2087 1279 2085 1281 2085 1297 2078 1309 2072 1333 2076 1369 2081 1371 2081 1410 2072 1440 2066 1493 2070 1559 2074 1561 2074 1638 2064 1685 2059 1740 2061 1847 2064 1849 2064 1851 2064 1873 2055 1881 2053 1954 2053 1965 2053 2029 2062 2031 2062 2033 2062 2067 2047 2067 2031 2061 1972 1896 1989 1830 1980 1817 1978 1815 1978 1813 1978 1811 1978 1809 1980 1796 1991 1717 1997 1576 1999 1536 1989 1527 1987 1525 1987 1523 1987 1521 1987 1508 1991 1463 2002 1345 1997 1307 1995 1305 1995 1267 1999 1173 2010 1134 2004 1104 1999 1102 1999 1066 2006 1019 2015 989 2008 965 2002 963 2002 961 2002 959 2002 931 2010 906 2017 891 2012 878 2006 876 2006 874 2006 872 2006 852 2014 827 2021 801 2015 771 2008 769 2008 716 2017 677 2025 566 2023 383 2019 381 2019 319 2031 321 2081"/></Shape>
	    <String CONTENT="p̾t̾ea idem ꝙ defuncto pͥmo isto capellano eodem renaudo irreqͥsi"
                    HPOS="319"
                    VPOS="1972"
                    WIDTH="1748"
                    HEIGHT="139"></String>
          </TextLine>

          
          
          <TextLine ID="eSc_line_404e75fd"
                    TAGREFS="LT2943"
                    BASELINE="327 2166 980 2153 1679 2126 2082 2121" 
                    HPOS="323"
                    VPOS="2064"
                    WIDTH="1759"
                    HEIGHT="130">
            <Shape><Polygon POINTS="327 2166 327 2185 440 2194 442 2194 526 2181 538 2179 547 2179 601 2190 603 2190 995 2168 1021 2168 1030 2168 1155 2175 1156 2175 1239 2164 1337 2170 1339 2170 1341 2170 1363 2158 1365 2158 1369 2158 1405 2166 1407 2166 1408 2166 1437 2156 1446 2155 1487 2156 1638 2162 1640 2162 1689 2151 1698 2147 1854 2143 1867 2145 1892 2153 1894 2153 1896 2153 1898 2153 1924 2145 1937 2141 2082 2141 2082 2121 2076 2064 323 2113 327 2166"/></Shape>
	    <String CONTENT="licebit maiori pontisare ⁊ burgensib alium capellanũ substituere"
                    HPOS="323"
                    VPOS="2064"
                    WIDTH="1759"
                    HEIGHT="130"></String>
          </TextLine>

          
          
          <TextLine ID="eSc_line_f3f08566"
                    TAGREFS="LT2943"
                    BASELINE="329 2252 2050 2205" 
                    HPOS="325"
                    VPOS="2151"
                    WIDTH="1725"
                    HEIGHT="131">
            <Shape><Polygon POINTS="329 2252 329 2273 395 2282 396 2282 459 2271 468 2269 475 2269 526 2277 528 2277 586 2267 588 2267 592 2267 739 2273 741 2273 814 2260 822 2260 823 2260 842 2269 844 2269 846 2269 1138 2252 1145 2252 1151 2252 1497 2252 1499 2252 1619 2239 1638 2237 1664 2237 1836 2243 1837 2243 1839 2243 1869 2232 1871 2230 2050 2226 2050 2205 2046 2160 1911 2151 1909 2151 1836 2164 1809 2168 1781 2166 1704 2156 1702 2156 1612 2170 1563 2175 1529 2172 1486 2164 1484 2164 1482 2164 1450 2172 1424 2181 904 2192 889 2185 882 2179 880 2179 878 2179 876 2179 846 2185 801 2196 761 2187 739 2183 737 2183 690 2188 600 2202 545 2192 532 2190 530 2190 325 2196 329 2252"/></Shape>
	    <String CONTENT="Ego uero matheus de monte morenciato hanc el̾am ꝯcedo ⁊"
                    HPOS="325"
                    VPOS="2151"
                    WIDTH="1725"
                    HEIGHT="131"></String>
          </TextLine>

          
          
          <TextLine ID="eSc_line_9484ba10"
                    TAGREFS="LT2943"
                    BASELINE="336 2337 2063 2290" 
                    HPOS="332"
                    VPOS="2234"
                    WIDTH="1731"
                    HEIGHT="120">
            <Shape><Polygon POINTS="336 2337 336 2354 1094 2346 1217 2333 1235 2331 1245 2331 1299 2341 1301 2341 1303 2341 1328 2331 1499 2335 1501 2335 1503 2335 1504 2335 1518 2324 1519 2324 1531 2324 1625 2331 1627 2331 1629 2331 1651 2320 1653 2320 1681 2320 1824 2324 1826 2324 2061 2309 2063 2290 2057 2234 1977 2249 1629 2249 1439 2249 1437 2249 1371 2256 1299 2266 1267 2260 1232 2254 1230 2254 1188 2264 1156 2271 953 2275 933 2271 886 2264 884 2264 771 2277 743 2281 731 2279 682 2269 680 2269 679 2269 656 2282 652 2282 628 2282 477 2279 475 2279 332 2292 336 2337"/></Shape>
	    <String CONTENT="manu capio tenendam ⁊ garandiandã p̾dc̃e domui.⁊ ut rata"
                    HPOS="332"
                    VPOS="2234"
                    WIDTH="1731"
                    HEIGHT="120"></String>
          </TextLine>

          
          
          <TextLine ID="eSc_line_66526ea2"
                    TAGREFS="LT2943"
                    BASELINE="329 2416 2050 2365" 
                    HPOS="327"
                    VPOS="2313"
                    WIDTH="1723"
                    HEIGHT="124">
            <Shape><Polygon POINTS="329 2416 329 2437 647 2422 675 2427 707 2435 709 2435 788 2424 835 2418 872 2422 946 2427 948 2427 949 2427 970 2418 978 2414 985 2418 1006 2425 1008 2425 1010 2425 1094 2424 1156 2410 1181 2407 1187 2410 1194 2416 1196 2416 1198 2416 1200 2416 1202 2416 1203 2416 1215 2408 1222 2405 1249 2408 1279 2412 1281 2412 1401 2403 1478 2397 1484 2401 1503 2410 1504 2410 1506 2410 1508 2410 1548 2401 1657 2407 1659 2407 1755 2392 1785 2401 1787 2401 1788 2401 1790 2401 1824 2388 1828 2388 1851 2388 2018 2392 2020 2392 2022 2392 2050 2380 2050 2365 2046 2322 1913 2313 1911 2313 1802 2328 1779 2330 1756 2328 1657 2320 1655 2320 1598 2331 1582 2337 1457 2339 1442 2337 1401 2328 1399 2328 1354 2339 1333 2343 1249 2341 1145 2339 1143 2339 1108 2345 1085 2348 1077 2345 1064 2339 1062 2339 1060 2339 1059 2339 1034 2346 1013 2354 835 2356 814 2352 786 2346 784 2346 671 2350 669 2350 652 2356 632 2365 327 2365 329 2416"/></Shape>
	    <String CONTENT="ꝑmaneat sigillo meo ꝯ sigillo renaudi corroboraui. Actum"
                    HPOS="327"
                    VPOS="2313"
                    WIDTH="1723"
                    HEIGHT="124"></String>
          </TextLine>

          
          
          <TextLine ID="eSc_line_e9f44378"
                    TAGREFS="LT2943"
                    BASELINE="336 2486 1510 2459 2074 2435" 
                    HPOS="334"
                    VPOS="2380"
                    WIDTH="1740"
                    HEIGHT="136">
            <Shape><Polygon POINTS="336 2486 336 2501 425 2501 475 2516 477 2516 479 2516 566 2499 603 2512 605 2512 607 2512 609 2512 611 2512 637 2495 684 2508 686 2508 688 2508 929 2487 974 2503 976 2503 978 2503 980 2503 1017 2493 1155 2497 1156 2497 1158 2497 1202 2480 1205 2480 1290 2480 1329 2493 1331 2493 1333 2493 1563 2484 1565 2484 1591 2471 1629 2484 1630 2484 1632 2484 1696 2471 1749 2482 1751 2482 1753 2482 1807 2465 1975 2469 1977 2469 1978 2469 1980 2469 1992 2459 1992 2457 2074 2456 2074 2435 2069 2380 1935 2393 1781 2390 1708 2390 1706 2390 1704 2390 1702 2390 1696 2393 1674 2410 1621 2412 1576 2399 1557 2393 1555 2393 1553 2393 1514 2401 1440 2416 1390 2407 1354 2399 1352 2399 1250 2412 1222 2414 1218 2412 1198 2403 1196 2403 1194 2403 1192 2403 1149 2416 1113 2427 980 2429 906 2425 854 2422 852 2422 850 2422 848 2422 840 2427 831 2435 637 2437 628 2435 558 2420 556 2420 334 2446 336 2486"/></Shape>
	    <String CONTENT="amno u̾bi incarnati .mͦ.ccͦ.xcͦ.uiiͦ E hiis. matħo de lislete"
                    HPOS="334"
                    VPOS="2380"
                    WIDTH="1740"
                    HEIGHT="136"></String>
          </TextLine>

          
          
          <TextLine ID="eSc_line_2c9a0e77"
                    TAGREFS="LT2943"
                    BASELINE="331 2563 1612 2531 2086 2508" 
                    HPOS="329"
                    VPOS="2457"
                    WIDTH="1757"
                    HEIGHT="130">
            <Shape><Polygon POINTS="331 2563 331 2580 530 2587 532 2587 630 2574 735 2582 737 2582 1190 2557 1215 2557 1235 2557 1619 2557 1621 2557 1687 2544 1693 2544 1702 2544 1805 2550 1807 2550 1809 2550 1836 2540 1837 2540 1839 2540 1875 2550 1877 2550 1879 2550 1881 2550 1903 2538 1905 2538 1913 2538 2026 2546 2027 2546 2086 2533 2086 2508 2080 2457 1962 2459 1960 2459 1958 2459 1928 2472 1894 2461 1884 2459 1883 2459 1881 2459 1879 2459 1866 2463 1824 2474 1800 2465 1796 2463 1794 2463 1792 2463 1779 2465 1732 2474 1706 2467 1698 2465 1696 2465 1694 2465 1693 2465 1691 2465 1689 2467 1668 2482 1604 2484 1533 2472 1521 2471 1519 2471 1518 2471 1512 2472 1467 2487 1418 2480 1416 2480 1290 2491 1256 2480 1250 2478 1249 2478 1247 2478 1245 2478 1237 2480 1187 2495 1049 2489 1047 2489 923 2503 872 2489 861 2487 859 2487 857 2487 855 2487 842 2491 788 2506 645 2497 637 2497 635 2497 633 2497 611 2508 594 2499 590 2495 588 2495 586 2495 585 2495 562 2499 489 2514 440 2503 430 2501 428 2501 427 2501 417 2503 381 2512 329 2506 331 2563"/></Shape>
	    <String CONTENT="Radulpho de comflanz. yuone frẽ euis. odone de dumnei hu"
                    HPOS="329"
                    VPOS="2457"
                    WIDTH="1757"
                    HEIGHT="130"></String>
          </TextLine>

          
          
          <TextLine ID="eSc_line_2c2ea06a"
                    TAGREFS="LT2943"
                    BASELINE="336 2640 1119 2621 2078 2583" 
                    HPOS="332"
                    VPOS="2527"
                    WIDTH="1746"
                    HEIGHT="149">
            <Shape><Polygon POINTS="336 2640 338 2676 398 2657 474 2657 498 2670 500 2670 502 2670 504 2670 506 2670 509 2668 556 2655 607 2664 617 2666 618 2666 639 2664 737 2647 814 2657 840 2659 842 2659 1098 2645 1100 2645 1106 2644 1136 2634 1166 2642 1187 2645 1188 2645 1243 2638 1313 2629 1324 2634 1333 2642 1335 2642 1337 2642 1339 2642 1397 2632 1416 2629 1422 2630 1440 2638 1442 2638 1444 2638 1583 2634 1668 2621 1691 2615 1772 2615 1775 2615 1792 2627 1794 2627 1796 2627 1798 2627 1800 2627 1802 2627 1819 2613 1822 2612 1860 2612 1971 2615 1973 2615 2076 2602 2078 2583 2071 2527 1903 2546 1745 2540 1696 2538 1694 2538 1664 2542 1578 2557 1331 2557 1264 2557 1262 2557 1260 2557 1247 2561 1213 2568 1181 2563 1149 2557 1147 2557 1145 2557 1143 2557 1134 2565 1124 2572 1100 2566 1074 2559 1072 2559 1070 2559 1068 2559 1036 2568 1012 2578 925 2578 916 2574 904 2566 902 2566 901 2566 899 2566 790 2580 728 2585 697 2583 618 2574 617 2574 615 2574 569 2587 556 2591 547 2589 515 2580 513 2580 511 2580 509 2580 507 2580 490 2591 487 2593 483 2591 449 2580 447 2580 445 2580 332 2597 336 2640"/></Shape>
	    <String CONTENT="ge de houlles. anselmo cłico de campaigne Ioħe de coruesne"
                    HPOS="332"
                    VPOS="2527"
                    WIDTH="1746"
                    HEIGHT="149"></String>
          </TextLine>

          
          
          <TextLine ID="eSc_line_26685429"
                    TAGREFS="LT2943"
                    BASELINE="338 2715 2029 2668" 
                    HPOS="334"
                    VPOS="2619"
                    WIDTH="1695"
                    HEIGHT="122">
            <Shape><Polygon POINTS="338 2715 338 2730 492 2741 494 2741 496 2741 549 2726 569 2739 571 2739 573 2739 575 2739 577 2739 609 2724 609 2723 680 2723 741 2736 743 2736 844 2732 846 2732 886 2717 887 2717 997 2726 998 2726 1000 2726 1053 2711 1237 2709 1281 2721 1282 2721 1284 2721 1536 2698 1555 2698 1563 2698 1646 2709 1647 2709 1649 2709 1698 2694 1702 2694 1704 2694 1740 2704 1741 2704 1743 2704 1745 2704 1747 2704 1760 2692 1762 2692 1766 2692 1824 2702 1826 2702 1905 2691 1930 2702 1931 2702 1933 2702 1935 2702 1963 2687 1965 2687 2027 2687 2029 2668 2024 2619 1817 2630 1805 2625 1792 2619 1790 2619 1788 2619 1687 2621 1636 2630 1606 2636 1574 2632 1531 2629 1529 2629 1303 2642 1138 2651 1121 2647 1098 2642 1096 2642 1094 2642 983 2653 929 2657 906 2655 859 2649 857 2649 803 2659 795 2659 791 2659 765 2649 763 2649 761 2649 759 2649 731 2660 729 2660 728 2660 679 2649 677 2649 585 2664 539 2653 538 2653 536 2653 534 2653 532 2653 511 2668 507 2670 410 2670 406 2670 376 2659 374 2659 372 2659 370 2659 334 2672 338 2715"/></Shape>
	    <String CONTENT="odone [[de]] le drapier tunc maiore pontisare. Rob̾to de ponte"
                    HPOS="334"
                    VPOS="2619"
                    WIDTH="1695"
                    HEIGHT="122"></String>
          </TextLine>

          
          
          <TextLine ID="eSc_line_ed58cdeb"
                    TAGREFS="LT2943"
                    BASELINE="346 2798 2088 2743" 
                    HPOS="342"
                    VPOS="2691"
                    WIDTH="1746"
                    HEIGHT="167">
            <Shape><Polygon POINTS="346 2798 348 2858 393 2845 411 2854 413 2854 415 2854 428 2854 517 2852 519 2852 521 2852 522 2850 545 2835 583 2845 585 2845 586 2845 664 2832 690 2843 694 2845 696 2845 697 2845 918 2839 968 2830 1057 2815 1087 2826 1100 2830 1102 2830 1104 2830 1156 2822 1185 2818 1205 2820 1294 2828 1296 2828 1297 2828 1348 2813 1384 2803 1408 2811 1431 2817 1433 2817 1435 2817 1437 2817 1469 2807 1501 2800 1538 2805 1572 2809 1574 2809 1576 2809 1591 2802 1608 2792 1871 2786 1883 2788 1945 2807 1946 2807 1948 2807 1950 2807 1999 2785 2003 2781 2088 2779 2088 2743 2084 2702 1995 2691 1994 2691 1907 2706 1905 2706 1847 2692 1845 2692 1843 2692 1785 2709 1783 2709 1777 2709 1606 2700 1604 2700 1602 2700 1544 2717 1540 2717 1538 2717 1489 2704 1487 2704 1486 2704 1484 2704 1425 2721 1422 2721 1403 2721 1273 2717 1271 2717 1051 2732 1027 2732 1021 2732 948 2721 946 2721 820 2738 803 2739 786 2739 712 2734 711 2734 709 2734 682 2741 675 2743 669 2743 622 2732 620 2732 618 2732 590 2745 583 2747 551 2745 406 2738 404 2738 342 2751 346 2798"/></Shape>
	    <String CONTENT="Gaufrido de ponte Iohanne maisent. Adam de Ruella. ysem"
                    HPOS="342"
                    VPOS="2691"
                    WIDTH="1746"
                    HEIGHT="167"></String>
          </TextLine>

          
        </TextBlock>
        
        <TextBlock HPOS="2157"
                   VPOS="406"
                   WIDTH="1915"
                   HEIGHT="1833"
                   ID="eSc_textblock_37dabd92"
                   TAGREFS="BT8611">
          <Shape><Polygon POINTS="3914 413 3982 436 4004 1133 4050 1323 4027 1991 4035 2089 4072 2128 4057 2202 2983 2239 2278 2217 2217 782 2202 631 2157 539 2172 451 2778 406"/></Shape>
          
          
          <TextLine ID="eSc_line_65ecb818"
                    TAGREFS="LT2943"
                    BASELINE="2184 526 3931 475" 
                    HPOS="2180"
                    VPOS="409"
                    WIDTH="1751"
                    HEIGHT="145">
            <Shape><Polygon POINTS="3760 411 3747 411 3711 426 3626 426 3566 409 3553 409 3534 409 3515 409 3498 409 3459 432 3376 434 3284 411 3282 411 3280 411 3278 411 3229 426 3199 415 3197 415 3196 415 3120 417 3004 445 3004 447 2996 447 2964 447 2925 423 2923 423 2921 423 2919 423 2917 423 2883 436 2849 425 2848 425 2846 425 2761 426 2759 426 2686 455 2684 455 2637 441 2635 441 2633 441 2631 441 2588 456 2552 443 2550 443 2548 443 2547 443 2501 460 2500 460 2496 460 2381 441 2379 441 2377 441 2306 464 2253 443 2236 445 2234 445 2180 468 2184 526 2185 552 2212 545 2263 551 2300 554 2302 554 2334 549 2377 539 2407 545 2424 549 2426 549 2550 541 2639 535 2658 537 2699 543 2701 543 2703 543 2727 535 2744 530 2827 532 2919 534 2921 534 2923 534 2942 528 2960 522 3004 526 3073 532 3075 532 3604 517 3660 503 3673 502 3683 503 3732 513 3734 513 3929 494 3931 475 3925 421 3792 423 3762 411 3760 411"/></Shape>
	    <String CONTENT="de tel droit cõme il iai auoit les deuant dis freres et"
                    HPOS="2180"
                    VPOS="409"
                    WIDTH="1751"
                    HEIGHT="145"></String>
          </TextLine>

          
          
          <TextLine ID="eSc_line_12a6197b"
                    TAGREFS="LT2943"
                    BASELINE="2217 618 2801 596 3925 567" 
                    HPOS="2214"
                    VPOS="500"
                    WIDTH="1711"
                    HEIGHT="145">
            <Shape><Polygon POINTS="2217 618 2217 645 2485 639 2486 639 2492 637 2533 624 2586 633 2597 635 2599 635 2601 635 2603 635 2605 633 2626 620 2714 629 2742 631 2744 631 2765 628 2823 614 2891 622 2921 626 2923 626 2925 626 2936 620 2960 611 2979 620 2991 624 2992 624 2994 624 2996 624 3007 618 3028 609 3081 616 3120 620 3122 620 3124 620 3126 620 3135 614 3143 609 3162 613 3190 618 3192 618 3254 609 3297 603 3318 607 3357 614 3359 614 3361 614 3363 614 3376 605 3384 599 3397 603 3423 613 3425 613 3427 613 3429 613 3472 601 3495 594 3574 594 3581 598 3600 607 3602 607 3604 607 3606 607 3638 596 3640 596 3734 601 3735 601 3737 601 3739 601 3752 590 3756 590 3769 590 3895 599 3897 599 3899 599 3925 584 3925 567 3922 519 3830 500 3828 500 3777 502 3775 502 3773 502 3752 517 3591 507 3589 507 3587 507 3527 528 3523 528 3299 522 3297 522 3295 522 3293 522 3275 535 3273 537 3218 537 3214 537 3160 519 3158 519 3156 519 3154 519 3073 541 3070 541 3066 541 2955 524 2953 524 2855 547 2825 528 2823 528 2821 528 2819 528 2754 530 2752 530 2686 552 2682 552 2667 552 2573 547 2571 547 2530 556 2528 556 2503 543 2501 543 2500 543 2498 543 2496 543 2475 558 2473 560 2214 564 2217 618"/></Shape>
	    <String CONTENT="sereurs. saus touz drois Et a sa conuenance de sus dite"
                    HPOS="2214"
                    VPOS="500"
                    WIDTH="1711"
                    HEIGHT="145"></String>
          </TextLine>

          
          
          <TextLine ID="eSc_line_dc8df834"
                    TAGREFS="LT2943"
                    BASELINE="2225 716 2575 693 3941 654" 
                    HPOS="2221"
                    VPOS="586"
                    WIDTH="1720"
                    HEIGHT="151">
            <Shape><Polygon POINTS="2225 716 2225 735 2328 737 2330 737 2332 737 2355 731 2396 720 2419 729 2436 735 2437 735 2439 735 2526 733 2528 733 2545 724 2558 716 2624 712 2641 720 2648 724 2650 724 2652 724 2712 718 2831 705 2904 710 3000 718 3002 718 3004 718 3006 718 3021 707 3026 701 3038 705 3054 712 3056 712 3058 712 3060 712 3075 705 3088 697 3100 703 3120 712 3122 712 3124 712 3126 712 3164 701 3182 695 3197 699 3229 710 3231 710 3233 710 3235 710 3290 695 3316 690 3382 693 3544 701 3545 701 3547 701 3602 684 3617 680 3628 684 3670 695 3672 695 3673 695 3767 680 3852 692 3854 692 3941 671 3941 654 3937 607 3809 586 3807 586 3805 586 3803 586 3777 603 3739 588 3737 588 3735 588 3734 588 3634 613 3497 596 3495 596 3372 599 3371 599 3312 626 3310 628 3288 628 3250 628 3218 605 3216 605 3214 605 3213 605 3009 611 2908 633 2881 622 2880 622 2878 622 2876 622 2874 622 2853 635 2833 626 2831 626 2829 626 2827 626 2761 643 2761 645 2722 645 2614 646 2530 626 2528 626 2526 626 2524 626 2473 652 2221 660 2225 716"/></Shape>
	    <String CONTENT="tenir ⁊ f̾iyement acõplir le dit thiebaut en d especi"
                    HPOS="2221"
                    VPOS="586"
                    WIDTH="1720"
                    HEIGHT="151"></String>
          </TextLine>

          
          
          <TextLine ID="eSc_line_9837bb15"
                    TAGREFS="LT2943"
                    BASELINE="2234 799 3026 757 3446 752 3937 729" 
                    HPOS="2231"
                    VPOS="675"
                    WIDTH="1706"
                    HEIGHT="154">
            <Shape><Polygon POINTS="2234 799 2234 814 2317 829 2319 829 2362 827 2364 827 2407 806 2409 806 2411 806 2434 814 2436 814 2437 814 2567 799 2579 799 2580 799 2614 816 2616 816 2618 816 2620 816 2665 795 2831 789 2866 804 2868 804 2870 804 2872 804 2921 784 2923 784 3019 797 3021 797 3023 797 3024 797 3058 776 3062 776 3169 771 3211 771 3222 771 3258 786 3260 786 3261 786 3263 786 3265 786 3284 772 3318 784 3320 784 3322 784 3324 784 3361 774 3495 776 3497 776 3498 776 3500 776 3515 765 3792 765 3792 763 3794 763 3796 763 3811 752 3890 759 3892 759 3893 759 3937 737 3937 729 3933 677 3786 686 3775 684 3749 675 3747 675 3745 675 3743 675 3715 686 3705 692 3634 693 3624 690 3600 682 3598 682 3596 682 3594 682 3593 682 3579 693 3574 695 3555 693 3508 690 3506 690 3504 690 3502 690 3491 697 3487 699 3482 697 3425 680 3423 680 3421 680 3419 680 3344 705 3333 707 3324 705 3265 690 3263 690 3261 690 3120 710 3039 697 3038 697 2925 724 2885 705 2883 705 2881 705 2742 710 2740 710 2680 735 2648 716 2646 716 2644 716 2643 716 2530 720 2528 720 2526 720 2494 742 2409 733 2407 733 2405 733 2355 750 2259 742 2257 742 2255 742 2231 754 2234 799"/></Shape>
	    <String CONTENT="aument obligie au diz acheteeurs ⁊ a leurs successeurs"
                    HPOS="2231"
                    VPOS="675"
                    WIDTH="1706"
                    HEIGHT="154"></String>
          </TextLine>

          
          
          <TextLine ID="eSc_line_8c75716f"
                    TAGREFS="LT2943"
                    BASELINE="2238 868 2471 855 3444 829 3956 802" 
                    HPOS="2236"
                    VPOS="754"
                    WIDTH="1720"
                    HEIGHT="139">
            <Shape><Polygon POINTS="2238 880 2272 893 2274 893 2276 893 2579 868 2631 865 2652 866 2742 874 2744 874 2746 874 2765 865 2784 874 2785 874 2787 874 2789 874 2816 861 2912 872 2913 872 2915 872 2962 855 2964 855 2985 863 2987 863 2989 863 3068 851 3083 850 3088 850 3134 863 3135 863 3137 863 3412 855 3414 855 3440 844 3585 848 3587 848 3589 848 3591 848 3602 838 3643 848 3645 848 3647 848 3703 829 3707 829 3715 829 3811 836 3813 836 3956 819 3956 802 3950 755 3794 754 3792 754 3756 761 3717 771 3611 767 3536 765 3534 765 3532 765 3530 765 3523 771 3504 782 3310 787 3282 780 3260 772 3258 772 3256 772 3086 776 3085 776 3051 787 3026 797 3006 789 2998 787 2996 787 2994 787 2992 787 2987 791 2968 801 2857 802 2827 797 2785 787 2784 787 2723 801 2686 810 2618 810 2611 804 2594 793 2592 793 2590 793 2588 793 2522 808 2518 808 2515 808 2469 797 2468 797 2466 797 2464 797 2415 812 2394 819 2236 819 2238 868 2238 880"/></Shape>
	    <String CONTENT="un arpent de t̾re seant ou ual Auprouudires. tenant"
                    HPOS="2236"
                    VPOS="754"
                    WIDTH="1720"
                    HEIGHT="139"></String>
          </TextLine>

          
          
          <TextLine ID="eSc_line_f6e51fe6"
                    TAGREFS="LT2943"
                    BASELINE="2236 949 3604 893 3963 885" 
                    HPOS="2232"
                    VPOS="816"
                    WIDTH="1731"
                    HEIGHT="160">
            <Shape><Polygon POINTS="2236 949 2236 964 2259 976 2261 976 2263 976 2355 964 2413 970 2415 970 2417 970 2458 957 2475 953 2496 957 2543 964 2545 964 2547 964 2588 953 2599 951 2620 953 2701 959 2703 959 2767 947 2801 942 2836 945 2880 949 2881 949 2949 942 3043 930 3096 936 3124 940 3126 940 3150 934 3190 927 3207 932 3220 938 3222 938 3224 938 3273 930 3354 919 3378 928 3387 930 3389 930 3391 930 3393 930 3403 927 3425 919 3444 925 3448 927 3450 927 3451 927 3453 927 3461 925 3508 912 3579 921 3598 923 3600 923 3602 923 3608 921 3634 906 3698 904 3961 908 3963 885 3957 823 3882 816 3880 816 3878 816 3837 827 3786 840 3687 834 3685 834 3683 834 3643 848 3316 859 3278 848 3261 842 3260 842 3258 842 3256 842 3243 850 3218 863 3173 851 3147 846 3145 846 3109 853 3086 859 3079 855 3068 850 3066 850 3064 850 2945 853 2944 853 2942 853 2932 861 2927 865 2913 861 2895 855 2893 855 2891 855 2889 855 2872 863 2842 876 2819 866 2817 866 2816 866 2725 880 2690 870 2673 865 2671 865 2669 865 2633 872 2609 876 2571 874 2516 870 2515 870 2513 870 2511 870 2505 876 2494 883 2396 883 2394 883 2325 898 2232 887 2236 949"/></Shape>
	    <String CONTENT="dime et a la uigne rob̾t᷑ hardi ⁊ dautre part a anses des"
                    HPOS="2232"
                    VPOS="816"
                    WIDTH="1731"
                    HEIGHT="160"></String>
          </TextLine>

          
          
          <TextLine ID="eSc_line_d0591321"
                    TAGREFS="LT2943"
                    BASELINE="2240 1019 3378 983 3980 953" 
                    HPOS="2236"
                    VPOS="908"
                    WIDTH="1744"
                    HEIGHT="139">
            <Shape><Polygon POINTS="2240 1019 2240 1047 2468 1024 2582 1034 2609 1036 2611 1036 2629 1032 2665 1024 2720 1028 2757 1030 2759 1030 2761 1030 2778 1024 2827 1009 2915 1009 2942 1019 2951 1021 2953 1021 2955 1021 2957 1021 2968 1017 2996 1006 3045 1013 3083 1019 3085 1019 3137 1009 3196 998 3218 1006 3229 1009 3231 1009 3233 1009 3261 1004 3301 994 3322 1000 3342 1007 3344 1007 3346 1007 3403 996 3421 994 3446 994 3564 1002 3566 1002 3568 1002 3606 987 3621 981 3692 981 3698 983 3720 996 3722 996 3724 996 3980 970 3980 953 3973 908 3623 910 3621 910 3589 923 3568 932 3380 932 3197 932 3196 932 3098 944 3038 949 3021 945 2968 934 2966 934 2861 951 2825 940 2823 940 2821 940 2774 949 2740 942 2738 942 2737 942 2735 942 2675 960 2667 962 2659 960 2627 951 2626 951 2624 951 2507 966 2421 953 2419 953 2417 953 2415 953 2398 966 2366 959 2364 959 2362 959 2236 977 2240 1019"/></Shape>
	    <String CONTENT="pres Et touz ses autres biens et les biens de ses hoirs"
                    HPOS="2236"
                    VPOS="908"
                    WIDTH="1744"
                    HEIGHT="139"
                    WC="0.997692635926333"></String>
          </TextLine>

          
          
          <TextLine ID="eSc_line_5e600ee6"
                    TAGREFS="LT2943"
                    BASELINE="2244 1096 3973 1034" 
                    HPOS="2240"
                    VPOS="968"
                    WIDTH="1733"
                    HEIGHT="158">
            <Shape><Polygon POINTS="2244 1096 2244 1113 2310 1126 2311 1126 2501 1105 2505 1105 2507 1105 2550 1113 2552 1113 2554 1113 2556 1113 2571 1103 2644 1111 2646 1111 2699 1102 2755 1111 2757 1111 2759 1111 2761 1111 2776 1098 2814 1109 2816 1109 2817 1109 2927 1094 2975 1103 2977 1103 3088 1090 3132 1098 3134 1098 3135 1098 3165 1083 3199 1094 3201 1094 3203 1094 3205 1094 3231 1081 3233 1081 3308 1086 3310 1086 3463 1073 3502 1070 3510 1071 3534 1079 3536 1079 3538 1079 3540 1079 3576 1070 3581 1068 3587 1068 3643 1079 3645 1079 3647 1079 3649 1079 3666 1066 3668 1064 3673 1066 3703 1075 3705 1075 3707 1075 3766 1062 3777 1060 3783 1062 3811 1073 3813 1073 3814 1073 3973 1054 3973 1034 3965 968 3813 998 3726 979 3707 976 3705 976 3624 981 3623 981 3621 981 3617 985 3583 1007 3284 1011 3265 1002 3263 1002 3261 1002 3260 1002 3258 1002 3256 1002 3224 1019 3154 1021 3094 1011 3028 1000 3026 1000 3024 1000 2974 1015 2934 1004 2932 1004 2930 1004 2833 1007 2831 1007 2785 1026 2761 1038 2701 1038 2690 1032 2665 1015 2663 1015 2661 1015 2659 1015 2658 1015 2612 1036 2597 1041 2582 1036 2554 1028 2552 1028 2550 1028 2475 1038 2447 1023 2445 1023 2398 1023 2396 1023 2394 1023 2349 1049 2342 1053 2240 1053 2244 1096"/></Shape>
	    <String CONTENT="muebles.⁊ nõ muebles p̾senz ⁊ a uenir en q̃l liu que il"
                    HPOS="2240"
                    VPOS="968"
                    WIDTH="1733"
                    HEIGHT="158"
                    WC="0.962642895856074"></String>
          </TextLine>

          
          
          <TextLine ID="eSc_line_92180fdb"
                    TAGREFS="LT2943"
                    BASELINE="2257 1171 3969 1120" 
                    HPOS="2253"
                    VPOS="1060"
                    WIDTH="1716"
                    HEIGHT="137">
            <Shape><Polygon POINTS="2257 1171 2257 1197 2430 1190 2432 1190 2456 1179 2490 1188 2492 1188 2494 1188 2641 1173 2684 1184 2695 1186 2697 1186 2699 1186 2701 1186 2710 1182 2738 1171 2827 1179 2840 1179 2842 1179 2855 1177 2910 1167 2930 1175 2942 1179 2944 1179 2945 1179 2947 1179 2959 1173 2975 1165 3000 1171 3007 1173 3009 1173 3011 1173 3028 1171 3083 1160 3134 1167 3158 1169 3160 1169 3207 1164 3265 1156 3284 1160 3307 1167 3308 1167 3310 1167 3365 1158 3386 1154 3418 1156 3521 1162 3523 1162 3636 1147 3673 1143 3694 1145 3775 1154 3777 1154 3822 1152 3824 1152 3826 1152 3846 1139 3848 1137 3862 1139 3924 1147 3925 1147 3927 1147 3969 1133 3969 1120 3961 1060 3773 1083 3677 1071 3651 1068 3649 1068 3647 1068 3638 1071 3626 1077 3559 1075 3487 1073 3485 1073 3457 1079 3391 1094 3320 1085 3271 1079 3269 1079 3228 1088 3188 1098 3171 1090 3154 1083 3152 1083 3150 1083 3149 1083 3130 1092 3126 1094 3122 1092 3103 1086 3102 1086 3100 1086 3098 1086 3096 1086 3086 1094 3073 1105 2823 1105 2522 1105 2520 1105 2518 1105 2494 1117 2486 1122 2253 1126 2257 1171"/></Shape>
	    <String CONTENT="pourroient estre trouuez a uendre ⁊ a despẽdre par la"
                    HPOS="2253"
                    VPOS="1060"
                    WIDTH="1716"
                    HEIGHT="137"></String>
          </TextLine>

          
          
          <TextLine ID="eSc_line_33b5d65e"
                    TAGREFS="LT2943"
                    BASELINE="2261 1246 3327 1224 3969 1197" 
                    HPOS="2257"
                    VPOS="1133"
                    WIDTH="1712"
                    HEIGHT="142">
            <Shape><Polygon POINTS="2261 1246 2261 1261 2325 1275 2326 1275 2400 1259 2404 1259 2411 1259 2612 1269 2614 1269 2782 1263 2784 1263 2833 1250 2844 1248 2853 1250 2896 1259 2898 1259 2955 1250 3039 1258 3041 1258 3115 1244 3139 1241 3186 1243 3312 1250 3314 1250 3316 1250 3337 1241 3386 1248 3387 1248 3389 1248 3412 1239 3425 1231 3969 1226 3969 1197 3963 1133 3820 1158 3769 1141 3767 1141 3688 1141 3687 1141 3685 1141 3683 1141 3681 1143 3653 1164 3485 1165 3457 1152 3453 1150 3451 1150 3450 1150 3448 1150 3442 1152 3414 1165 3387 1156 3386 1156 3384 1156 3382 1156 3350 1169 3329 1158 3322 1152 3320 1152 3318 1152 3254 1152 3252 1152 3250 1152 3231 1162 3211 1171 3184 1164 3162 1156 3160 1156 3158 1156 3156 1156 3135 1165 3107 1177 3039 1167 2970 1160 2968 1160 2966 1160 2936 1169 2866 1164 2865 1164 2863 1164 2838 1177 2823 1184 2801 1177 2767 1167 2765 1167 2763 1167 2761 1167 2722 1180 2703 1186 2665 1182 2603 1177 2601 1177 2599 1177 2582 1186 2573 1192 2511 1192 2507 1188 2473 1173 2471 1173 2469 1173 2468 1173 2407 1192 2396 1197 2257 1197 2261 1246"/></Shape>
	    <String CONTENT="gent le Roy iusq̃s a la qͣntite de la dite uente ⁊ des couz q̃"
                    HPOS="2257"
                    VPOS="1133"
                    WIDTH="1712"
                    HEIGHT="142"></String>
          </TextLine>

          
          
          <TextLine ID="eSc_line_dd5da8c5"
                    TAGREFS="LT2943"
                    BASELINE="2263 1329 3976 1271" 
                    HPOS="2261"
                    VPOS="1222"
                    WIDTH="1715"
                    HEIGHT="132">
            <Shape><Polygon POINTS="2263 1329 2263 1340 2315 1354 2317 1354 2319 1354 2368 1337 2374 1337 2379 1337 2432 1346 2434 1346 2586 1331 2641 1342 2643 1342 2849 1322 2870 1320 2880 1320 2955 1331 2957 1331 2959 1331 3002 1318 3139 1325 3141 1325 3143 1325 3197 1308 3203 1308 3220 1308 3361 1316 3363 1316 3365 1316 3391 1303 3393 1301 3450 1301 3453 1301 3530 1312 3532 1312 3762 1291 3863 1301 3865 1301 3974 1282 3976 1271 3971 1231 3830 1233 3799 1222 3798 1222 3796 1222 3794 1222 3767 1235 3587 1243 3542 1229 3540 1229 3538 1229 3408 1248 3372 1239 3371 1239 3369 1239 3307 1252 3149 1243 3147 1243 3145 1243 3081 1261 3011 1261 2985 1248 2983 1248 2981 1248 2784 1267 2761 1256 2759 1256 2757 1256 2646 1275 2543 1267 2541 1267 2460 1278 2430 1267 2428 1267 2426 1267 2383 1269 2381 1269 2379 1269 2358 1286 2261 1288 2263 1329"/></Shape>
	    <String CONTENT="Len iavoit mis se empeschem̃t y auoit ⁊ son cors a mest̾"
                    HPOS="2261"
                    VPOS="1222"
                    WIDTH="1715"
                    HEIGHT="132"></String>
          </TextLine>

          
          
          <TextLine ID="eSc_line_289123dd"
                    TAGREFS="LT2943"
                    BASELINE="2261 1397 4021 1346" 
                    HPOS="2259"
                    VPOS="1293"
                    WIDTH="1762"
                    HEIGHT="134">
            <Shape><Polygon POINTS="2261 1397 2261 1417 2334 1414 2342 1417 2357 1425 2358 1425 2360 1427 2453 1427 2453 1425 2454 1425 2456 1425 2471 1414 2475 1410 2490 1412 2537 1421 2539 1421 2637 1408 2652 1406 2654 1408 2675 1417 2676 1417 2678 1417 2735 1406 2772 1416 2774 1416 2776 1416 2778 1416 2817 1402 2829 1399 2844 1401 2904 1412 2906 1412 2908 1412 2968 1397 2992 1391 3023 1395 3103 1406 3105 1406 3182 1389 3196 1387 3201 1389 3229 1401 3231 1401 3233 1401 3337 1384 3371 1380 3410 1382 3562 1393 3564 1393 3649 1374 3658 1372 3664 1374 3700 1385 3702 1385 3703 1385 3705 1385 3756 1370 3766 1369 3809 1369 3969 1372 3971 1372 4020 1361 4021 1346 4018 1301 3692 1293 3690 1293 3619 1308 3591 1297 3589 1297 3587 1297 3585 1297 3583 1297 3559 1314 3553 1318 3299 1323 3290 1322 3239 1306 3237 1306 3235 1306 3184 1308 3182 1308 3181 1308 3158 1325 3120 1312 3118 1312 3117 1312 3115 1312 3086 1323 3041 1312 3039 1312 3038 1312 3036 1312 3034 1312 3009 1331 3006 1333 2825 1337 2819 1337 2782 1323 2780 1323 2778 1323 2776 1323 2750 1338 2746 1340 2644 1342 2639 1340 2584 1325 2582 1325 2580 1325 2579 1325 2518 1344 2513 1346 2501 1346 2387 1331 2385 1331 2259 1352 2261 1397"/></Shape>
	    <String CONTENT="en la pͥson le roy sil estoit defaillant daemplir la dite uen"
                    HPOS="2259"
                    VPOS="1293"
                    WIDTH="1762"
                    HEIGHT="134"></String>
          </TextLine>

          
          
          <TextLine ID="eSc_line_bad56328"
                    TAGREFS="LT2943"
                    BASELINE="2261 1474 3980 1429" 
                    HPOS="2259"
                    VPOS="1365"
                    WIDTH="1721"
                    HEIGHT="131">
            <Shape><Polygon POINTS="2261 1474 2261 1487 2358 1487 2362 1487 2383 1496 2385 1496 2387 1496 2389 1496 2424 1487 2432 1485 2449 1485 2543 1493 2545 1493 2708 1487 2710 1487 2712 1487 2722 1479 2725 1478 2727 1479 2738 1487 2740 1487 2742 1487 2744 1487 2746 1487 2763 1479 2770 1476 2787 1478 2829 1485 2831 1485 2951 1481 2953 1481 2968 1474 2977 1470 3026 1474 3096 1478 3098 1478 3100 1478 3102 1478 3111 1472 3120 1466 3147 1470 3171 1474 3173 1474 3243 1468 3337 1461 3371 1466 3403 1470 3404 1470 3440 1464 3482 1457 3557 1461 3609 1464 3611 1464 3643 1459 3692 1451 3713 1459 3722 1461 3724 1461 3726 1461 3767 1457 3860 1448 3980 1451 3980 1429 3974 1365 3907 1367 3905 1367 3877 1382 3758 1372 3749 1372 3747 1372 3741 1372 3658 1391 3617 1378 3615 1378 3613 1378 3609 1378 3527 1397 3489 1382 3476 1378 3474 1378 3472 1378 3470 1378 3468 1378 3461 1384 3434 1401 3395 1401 3324 1389 3288 1384 3286 1384 3284 1384 3282 1384 3271 1391 3252 1402 3216 1393 3188 1385 3186 1385 3184 1385 3182 1385 3152 1395 3111 1408 3079 1399 3051 1389 3049 1389 3047 1389 2957 1402 2921 1408 2913 1404 2902 1397 2900 1397 2898 1397 2896 1397 2895 1397 2861 1406 2853 1408 2846 1406 2795 1397 2793 1397 2791 1397 2755 1410 2737 1419 2539 1423 2524 1419 2471 1404 2469 1404 2468 1404 2466 1404 2464 1404 2434 1423 2428 1427 2259 1429 2261 1474"/></Shape>
	    <String CONTENT="te en la maniere de sus dite. Et si a renõcie en ce fet le"
                    HPOS="2259"
                    VPOS="1365"
                    WIDTH="1721"
                    HEIGHT="131"></String>
          </TextLine>

          
          
          <TextLine ID="eSc_line_f9b2a4e1"
                    TAGREFS="LT2943"
                    BASELINE="2266 1551 2680 1547 3999 1506" 
                    HPOS="2263"
                    VPOS="1451"
                    WIDTH="1736"
                    HEIGHT="138">
            <Shape><Polygon POINTS="2266 1551 2266 1572 2385 1572 2430 1589 2432 1589 2434 1589 2436 1589 2471 1568 2473 1568 2475 1568 2516 1577 2518 1577 2607 1564 2611 1564 2643 1583 2644 1583 2646 1583 2648 1583 2754 1579 2755 1579 2793 1560 2838 1577 2840 1577 2842 1577 2966 1553 2970 1553 2974 1553 3004 1562 3006 1562 3007 1562 3107 1557 3139 1568 3141 1568 3143 1568 3280 1560 3282 1560 3335 1545 3480 1558 3482 1558 3483 1558 3536 1542 3579 1549 3581 1549 3647 1534 3730 1543 3732 1543 3734 1543 3735 1543 3751 1530 3794 1543 3796 1543 3798 1543 3871 1530 3901 1543 3903 1543 3905 1543 3907 1543 3909 1543 3939 1523 3997 1521 3999 1506 3995 1464 3931 1451 3929 1451 3927 1451 3871 1466 3860 1470 3715 1472 3705 1468 3685 1461 3683 1461 3681 1461 3679 1461 3677 1461 3664 1470 3656 1476 3596 1476 3583 1472 3547 1457 3545 1457 3544 1457 3542 1457 3508 1472 3497 1479 3451 1479 3438 1474 3421 1466 3419 1466 3418 1466 3378 1476 3340 1483 3297 1476 3235 1466 3233 1466 3231 1466 3229 1466 3214 1478 3199 1489 3085 1491 3058 1481 3034 1472 3032 1472 3030 1472 3028 1472 3004 1481 2979 1491 2906 1485 2904 1485 2902 1485 2900 1485 2881 1496 2859 1485 2844 1478 2842 1478 2840 1478 2804 1479 2802 1479 2801 1479 2793 1485 2774 1500 2733 1487 2716 1481 2714 1481 2712 1481 2710 1481 2695 1487 2663 1504 2582 1506 2513 1491 2500 1489 2498 1489 2411 1491 2409 1491 2407 1491 2405 1493 2389 1506 2364 1495 2360 1493 2358 1493 2357 1493 2263 1495 2266 1551"/></Shape>
	    <String CONTENT="dit tħ. A touz p̾uileges de croiz pͥse ⁊ a p̾ndre a touce ayde"
                    HPOS="2263"
                    VPOS="1451"
                    WIDTH="1736"
                    HEIGHT="138"></String>
          </TextLine>

          
          
          <TextLine ID="eSc_line_d0b07eaa"
                    TAGREFS="LT2943"
                    BASELINE="2268 1636 3260 1619 3993 1594" 
                    HPOS="2264"
                    VPOS="1536"
                    WIDTH="1729"
                    HEIGHT="128">
            <Shape><Polygon POINTS="2268 1636 2268 1653 2300 1664 2302 1664 2304 1664 2306 1664 2345 1653 2353 1651 2374 1651 2453 1656 2454 1656 2500 1649 2520 1647 2543 1649 2650 1660 2652 1660 2654 1660 2686 1647 2691 1643 2697 1647 2710 1654 2712 1654 2714 1654 2716 1654 2718 1654 2738 1645 2744 1643 2755 1645 2784 1651 2785 1651 2823 1643 2853 1639 2881 1643 2932 1651 2934 1651 2936 1651 2959 1641 2970 1637 2977 1641 2996 1651 2998 1651 3000 1651 3002 1651 3028 1641 3041 1636 3051 1641 3071 1651 3073 1651 3075 1653 3075 1651 3077 1651 3100 1639 3107 1636 3126 1639 3171 1649 3173 1649 3308 1645 3310 1645 3312 1645 3325 1636 3327 1636 3357 1636 3497 1637 3498 1637 3500 1637 3502 1637 3508 1634 3523 1624 3624 1632 3698 1636 3700 1636 3752 1634 3754 1634 3756 1634 3762 1628 3777 1619 3820 1628 3843 1632 3845 1634 3890 1634 3890 1632 3892 1632 3893 1632 3901 1626 3922 1615 3952 1626 3963 1630 3965 1630 3967 1630 3993 1624 3993 1594 3988 1536 3880 1557 3813 1540 3811 1540 3809 1540 3688 1542 3687 1542 3683 1543 3655 1557 3593 1549 3591 1549 3589 1549 3549 1570 3498 1572 3192 1575 3147 1566 3145 1566 3019 1579 2925 1570 2923 1570 2821 1583 2772 1566 2763 1562 2761 1562 2759 1562 2757 1562 2755 1562 2750 1566 2716 1587 2618 1570 2595 1566 2594 1566 2592 1566 2582 1570 2552 1587 2520 1575 2518 1575 2516 1575 2515 1575 2513 1575 2492 1592 2453 1592 2387 1575 2372 1572 2370 1572 2368 1572 2264 1577 2268 1636"/></Shape>
	    <String CONTENT="de droit de loy ⁊ de canon ⁊ especiaument a ce q̃ il ne puis"
                    HPOS="2264"
                    VPOS="1536"
                    WIDTH="1729"
                    HEIGHT="128"></String>
          </TextLine>

          
          
          <TextLine ID="eSc_line_fca1d0bc"
                    TAGREFS="LT2943"
                    BASELINE="2272 1715 2874 1709 3967 1675" 
                    HPOS="2268"
                    VPOS="1615"
                    WIDTH="1699"
                    HEIGHT="137">
            <Shape><Polygon POINTS="2272 1715 2274 1752 2345 1733 2560 1743 2627 1745 2629 1745 2631 1745 2633 1745 2641 1739 2661 1726 2691 1737 2701 1741 2703 1741 2705 1741 2738 1735 2801 1726 2865 1731 2917 1735 2919 1735 2921 1735 2940 1728 2970 1718 3028 1726 3054 1728 3056 1728 3079 1724 3122 1715 3158 1720 3213 1730 3214 1730 3310 1716 3399 1724 3401 1724 3403 1724 3431 1711 3442 1705 3495 1709 3645 1718 3647 1718 3649 1718 3677 1705 3754 1715 3756 1715 3758 1715 3799 1700 3820 1707 3822 1707 3824 1707 3965 1690 3967 1675 3963 1628 3895 1615 3893 1615 3892 1615 3890 1615 3867 1630 3854 1637 3803 1630 3779 1628 3777 1628 3775 1628 3767 1632 3751 1641 3621 1643 3604 1636 3577 1622 3576 1622 3574 1622 3515 1636 3476 1626 3474 1626 3472 1626 3470 1626 3438 1639 3423 1645 3408 1639 3386 1630 3384 1630 3382 1630 3380 1630 3378 1630 3363 1641 3348 1651 3293 1641 3284 1641 3282 1641 3280 1641 3275 1643 3235 1654 3107 1656 3070 1647 3068 1647 3066 1647 3064 1647 3045 1647 2866 1662 2834 1653 2812 1645 2810 1645 2808 1645 2806 1645 2791 1653 2782 1658 2750 1654 2733 1653 2731 1653 2729 1653 2723 1654 2690 1668 2609 1664 2599 1658 2586 1649 2584 1649 2582 1649 2580 1649 2268 1664 2272 1715"/></Shape>
	    <String CONTENT="se dire qͥl ait este de ceu outre iuste pͥs de la moitie ou de"
                    HPOS="2268"
                    VPOS="1615"
                    WIDTH="1699"
                    HEIGHT="137"></String>
          </TextLine>

          
          
          <TextLine ID="eSc_line_8722557d"
                    TAGREFS="LT2943"
                    BASELINE="2266 1799 3429 1780 4021 1760" 
                    HPOS="2264"
                    VPOS="1700"
                    WIDTH="1757"
                    HEIGHT="131">
            <Shape><Polygon POINTS="2266 1799 2268 1831 2398 1814 2428 1826 2430 1826 2432 1826 2522 1812 2644 1822 2688 1824 2690 1824 2691 1824 2710 1820 2761 1807 2838 1816 2881 1820 2883 1820 2885 1820 2912 1814 2953 1803 2987 1810 3013 1818 3015 1818 3017 1818 3062 1809 3075 1807 3079 1809 3090 1816 3092 1816 3094 1816 3096 1816 3181 1814 3182 1814 3207 1805 3222 1799 3235 1805 3260 1812 3261 1812 3263 1812 3312 1801 3342 1795 3369 1801 3412 1809 3414 1809 3416 1809 3436 1797 3442 1795 3448 1797 3470 1807 3472 1807 3474 1807 3583 1794 3624 1790 3651 1792 3752 1803 3754 1803 3756 1803 3758 1803 3777 1788 3781 1786 3801 1788 3865 1794 3867 1794 4021 1780 4021 1760 4018 1713 3954 1700 3952 1700 3831 1716 3786 1722 3756 1718 3672 1705 3670 1705 3594 1722 3568 1728 3561 1722 3540 1709 3538 1709 3536 1709 3504 1709 3502 1709 3500 1709 3459 1726 3446 1731 3386 1733 3305 1733 3292 1730 3239 1715 3237 1715 3235 1715 3233 1715 3231 1715 3205 1731 3197 1735 3182 1731 3122 1716 3120 1716 3118 1716 3117 1716 3064 1735 3054 1737 3049 1735 3019 1718 3017 1718 3015 1718 2932 1720 2930 1720 2855 1739 2846 1743 2729 1743 2723 1743 2682 1731 2680 1731 2678 1731 2676 1731 2641 1745 2633 1748 2449 1750 2439 1748 2357 1731 2355 1731 2264 1752 2266 1799"/></Shape>
	    <String CONTENT="plus ⁊ a toutes autres choses qͥ ualoir ⁊ aidier li pourroiẽt"
                    HPOS="2264"
                    VPOS="1700"
                    WIDTH="1757"
                    HEIGHT="131"></String>
          </TextLine>

          
          
          <TextLine ID="eSc_line_698799d7"
                    TAGREFS="LT2943"
                    BASELINE="2274 1882 2904 1874 3978 1846" 
                    HPOS="2272"
                    VPOS="1788"
                    WIDTH="1706"
                    HEIGHT="122">
            <Shape><Polygon POINTS="2274 1882 2274 1897 2437 1910 2439 1910 2518 1893 2526 1893 2539 1893 2688 1905 2690 1905 2691 1905 2693 1905 2710 1891 2714 1889 2729 1889 2844 1901 2846 1901 2895 1899 2896 1899 2898 1899 2913 1888 2915 1886 2917 1888 2936 1897 2938 1897 2940 1897 2942 1897 2944 1897 2959 1888 3079 1895 3081 1895 3083 1895 3118 1884 3132 1880 3145 1884 3165 1889 3167 1889 3169 1889 3288 1882 3312 1880 3316 1880 3339 1889 3340 1889 3342 1889 3344 1889 3346 1889 3359 1880 3369 1874 3421 1878 3497 1886 3498 1886 3596 1876 3653 1871 3692 1874 3745 1880 3747 1880 3749 1880 3751 1880 3760 1873 3773 1865 3873 1865 3890 1871 3903 1876 3905 1876 3907 1876 3976 1869 3978 1846 3974 1792 3914 1788 3912 1788 3910 1788 3899 1794 3884 1799 3835 1795 3773 1790 3771 1790 3769 1790 3754 1797 3730 1810 3602 1812 3579 1803 3570 1799 3568 1799 3566 1799 3564 1799 3547 1805 3513 1814 3478 1807 3438 1797 3436 1797 3434 1797 3404 1809 3382 1818 3271 1820 3258 1812 3248 1809 3246 1809 3244 1809 3243 1809 3229 1814 3214 1822 3103 1824 3053 1820 2940 1809 2938 1809 2840 1826 2819 1829 2802 1827 2731 1814 2729 1814 2727 1814 2676 1831 2667 1833 2635 1833 2530 1827 2528 1827 2445 1839 2436 1839 2432 1839 2360 1822 2358 1822 2272 1842 2274 1882"/></Shape>
	    <String CONTENT="⁊ au porteeur de ces lettres nuire v tesmoing de ceste"
                    HPOS="2272"
                    VPOS="1788"
                    WIDTH="1706"
                    HEIGHT="122"></String>
          </TextLine>

          
          
          <TextLine ID="eSc_line_05db0e20"
                    TAGREFS="LT2943"
                    BASELINE="2270 1957 3134 1948 3976 1916" 
                    HPOS="2268"
                    VPOS="1859"
                    WIDTH="1708"
                    HEIGHT="130">
            <Shape><Polygon POINTS="2270 1957 2270 1974 2360 1974 2421 1989 2422 1989 2424 1989 2511 1972 2543 1985 2545 1985 2547 1985 2641 1968 2722 1982 2723 1982 2725 1982 2770 1968 2960 1976 2962 1976 2964 1976 2966 1976 2987 1959 3021 1974 3023 1974 3024 1974 3026 1974 3070 1961 3124 1972 3126 1972 3340 1955 3365 1965 3367 1965 3369 1965 3497 1953 3561 1961 3562 1961 3564 1961 3630 1944 3670 1959 3672 1959 3673 1959 3784 1940 3788 1938 3976 1935 3976 1916 3969 1869 3946 1874 3937 1869 3922 1859 3920 1859 3918 1859 3916 1859 3914 1859 3912 1859 3897 1871 3890 1876 3880 1871 3865 1859 3863 1859 3862 1859 3860 1859 3705 1863 3703 1863 3675 1876 3655 1886 3630 1876 3594 1865 3593 1865 3591 1865 3589 1865 3544 1880 3512 1889 3453 1882 3369 1871 3367 1871 3365 1871 3363 1871 3344 1886 3342 1888 3275 1897 3207 1897 3181 1889 3126 1876 3124 1876 3122 1876 3120 1876 3102 1891 3092 1899 2947 1903 2923 1897 2880 1884 2878 1884 2876 1884 2874 1884 2838 1899 2823 1905 2785 1901 2748 1895 2746 1895 2744 1895 2729 1901 2714 1908 2592 1905 2548 1905 2547 1905 2530 1906 2488 1914 2449 1908 2345 1895 2343 1895 2295 1897 2293 1897 2268 1910 2270 1957"/></Shape>
	    <String CONTENT="chose nous avons seelees ces p̾sentes lettres du seel de la"
                    HPOS="2268"
                    VPOS="1859"
                    WIDTH="1708"
                    HEIGHT="130"></String>
          </TextLine>

          
          
          <TextLine ID="eSc_line_f53b221a"
                    TAGREFS="LT2943"
                    BASELINE="2270 2029 2985 2025 3993 1987" 
                    HPOS="2268"
                    VPOS="1935"
                    WIDTH="1725"
                    HEIGHT="126">
            <Shape><Polygon POINTS="2270 2029 2272 2051 2520 2047 2673 2061 2675 2061 2676 2061 2722 2042 2744 2057 2746 2057 2748 2057 2750 2059 2836 2059 2836 2057 2838 2057 2840 2057 2861 2044 2887 2055 2889 2055 2891 2055 2964 2053 2966 2053 2968 2053 2987 2040 3043 2047 3045 2047 3118 2031 3186 2047 3188 2047 3190 2047 3258 2036 3598 2036 3598 2034 3600 2034 3624 2023 3643 2034 3645 2034 3647 2034 3649 2034 3722 2032 3724 2032 3758 2017 3796 2031 3798 2031 3799 2031 3801 2031 3839 2012 3944 2027 3946 2027 3948 2027 3993 2006 3993 1987 3989 1950 3927 1938 3925 1938 3863 1950 3813 1935 3811 1935 3809 1935 3807 1935 3739 1955 3737 1955 3734 1955 3598 1940 3596 1940 3594 1940 3529 1961 3525 1963 3459 1963 3374 1963 3318 1948 3316 1948 3314 1948 3312 1948 3310 1948 3282 1967 3254 1957 3252 1957 3250 1957 3179 1968 3051 1955 3049 1955 3047 1955 3045 1955 3015 1974 3013 1976 2904 1978 2819 1978 2759 1963 2757 1963 2755 1963 2754 1963 2752 1963 2733 1978 2682 1967 2620 1967 2618 1967 2616 1967 2614 1967 2599 1980 2573 1968 2571 1968 2569 1968 2468 1970 2466 1970 2413 1987 2342 1974 2340 1974 2338 1974 2302 1993 2300 1995 2268 1995 2270 2029"/></Shape>
	    <String CONTENT="baillie de senlis a la relacon des auditeurs de sus nõme."
                    HPOS="2268"
                    VPOS="1935"
                    WIDTH="1725"
                    HEIGHT="126"></String>
          </TextLine>

          
          
          <TextLine ID="eSc_line_8a04ef52"
                    TAGREFS="LT2943"
                    BASELINE="2283 2115 3028 2108 3461 2091 3989 2081" 
                    HPOS="2281"
                    VPOS="2023"
                    WIDTH="1708"
                    HEIGHT="120">
            <Shape><Polygon POINTS="2283 2115 2283 2136 2377 2140 2379 2140 2381 2140 2400 2134 2422 2128 2439 2134 2469 2143 2471 2143 2473 2143 2584 2130 2639 2125 2661 2128 2714 2140 2716 2140 2851 2138 2853 2138 2893 2125 2923 2136 2925 2136 2927 2136 2928 2136 2962 2125 3015 2136 3017 2136 3019 2136 3021 2136 3036 2126 3132 2134 3134 2134 3135 2134 3196 2117 3207 2115 3222 2117 3303 2130 3305 2130 3393 2121 3453 2128 3455 2128 3457 2128 3459 2128 3482 2111 3487 2108 3587 2108 3591 2109 3602 2117 3604 2117 3606 2117 3608 2117 3609 2117 3626 2109 3630 2108 3719 2108 3760 2108 3786 2121 3788 2121 3790 2123 3862 2123 3862 2121 3863 2121 3899 2102 3903 2102 3989 2102 3989 2081 3982 2025 3946 2034 3920 2027 3910 2023 3909 2023 3907 2023 3905 2023 3892 2027 3860 2036 3796 2029 3747 2025 3745 2025 3743 2025 3730 2031 3705 2044 3688 2036 3687 2036 3685 2036 3683 2036 3681 2036 3672 2046 3662 2038 3660 2038 3658 2038 3656 2038 3655 2038 3653 2038 3636 2051 3557 2051 3491 2038 3451 2031 3450 2031 3397 2040 3359 2031 3357 2031 3355 2031 3354 2031 3320 2044 3316 2044 3312 2044 3263 2032 3261 2032 3260 2032 3258 2032 3241 2046 3224 2059 2906 2062 2887 2055 2853 2042 2851 2042 2849 2042 2848 2042 2846 2042 2823 2057 2816 2062 2774 2062 2761 2059 2714 2042 2712 2042 2710 2042 2624 2062 2599 2070 2554 2070 2547 2064 2520 2046 2518 2046 2516 2046 2515 2046 2417 2047 2415 2047 2355 2062 2306 2053 2304 2053 2302 2053 2300 2053 2281 2066 2283 2115"/></Shape>
	    <String CONTENT="sauf le droit le roy ⁊ lautrui. Ce fu fet en lan de grace"
                    HPOS="2281"
                    VPOS="2023"
                    WIDTH="1708"
                    HEIGHT="120"
                    WC="0.97333976678681"></String>
          </TextLine>

          
          
          <TextLine ID="eSc_line_35a10f91"
                    TAGREFS="LT2943"
                    BASELINE="2289 2192 3056 2192 4055 2166" 
                    HPOS="2287"
                    VPOS="2111"
                    WIDTH="1768"
                    HEIGHT="158">
            <Shape><Polygon POINTS="2289 2192 2291 2252 2334 2252 2360 2266 2362 2266 2364 2266 2479 2251 2522 2267 2524 2267 2526 2269 2629 2269 2629 2267 2631 2267 2671 2252 2697 2266 2699 2266 2701 2266 2703 2266 2737 2254 2853 2264 2855 2264 2857 2264 2893 2245 2898 2241 2996 2241 3002 2243 3030 2256 3032 2256 3034 2256 3036 2256 3038 2256 3054 2245 3071 2256 3073 2256 3075 2256 3077 2256 3120 2247 3145 2258 3147 2258 3149 2258 3224 2241 3239 2237 3252 2239 3307 2256 3308 2256 3310 2256 3312 2256 3350 2239 3354 2237 3355 2239 3386 2252 3387 2252 3389 2252 3391 2252 3444 2237 3450 2237 3457 2237 3561 2251 3562 2251 3564 2251 3600 2235 3604 2235 3609 2235 3675 2249 3677 2249 3679 2249 3709 2235 3713 2234 3722 2235 3760 2241 3762 2241 3764 2241 3777 2234 3790 2228 3850 2228 3862 2234 3880 2245 3882 2245 3884 2245 3886 2247 3937 2247 3937 2245 3939 2245 3980 2232 4004 2224 4053 2230 4055 2166 4052 2130 4004 2119 4003 2119 4001 2119 3999 2119 3984 2130 3978 2130 3948 2130 3888 2113 3886 2113 3884 2113 3882 2113 3835 2134 3814 2134 3758 2134 3698 2111 3696 2111 3651 2111 3649 2111 3647 2111 3596 2125 3579 2113 3577 2113 3576 2113 3574 2113 3508 2115 3506 2115 3504 2115 3468 2140 3425 2140 3416 2140 3361 2123 3359 2123 3357 2123 3355 2123 3324 2134 3280 2119 3278 2119 3276 2119 3275 2119 3188 2143 3188 2145 3171 2145 3045 2145 3007 2123 3006 2123 3004 2123 2972 2123 2970 2123 2968 2123 2917 2149 2812 2149 2782 2134 2780 2134 2778 2134 2680 2151 2631 2128 2629 2128 2627 2128 2548 2130 2547 2130 2545 2130 2513 2149 2441 2141 2439 2141 2437 2141 2436 2141 2417 2155 2379 2134 2377 2134 2375 2134 2374 2134 2287 2158 2289 2192"/></Shape>
	    <String CONTENT="mil.cc.iiͯiͯi.⁊ sept mois de decembre le secont iour"
                    HPOS="2287"
                    VPOS="2111"
                    WIDTH="1768"
                    HEIGHT="158"></String>
          </TextLine>

          
        </TextBlock>
        
        <TextBlock HPOS="1639"
                   VPOS="2788"
                   WIDTH="482"
                   HEIGHT="134"
                   ID="eSc_textblock_cec7bc0b"
                   TAGREFS="BT8613">
          <Shape><Polygon POINTS="1639 2922 1639 2793 2121 2788 2121 2922"/></Shape>
          
          
          <TextLine ID="eSc_line_c437e16c"
                    TAGREFS="LT2943"
                    BASELINE="1629 2847 2103 2847" 
                    HPOS="1629"
                    VPOS="2783"
                    WIDTH="474"
                    HEIGHT="169">
            <Shape><Polygon POINTS="1629 2847 1629 2918 1770 2922 1783 2929 1809 2943 1811 2943 1813 2943 1815 2943 1817 2943 1817 2941 1826 2933 1828 2931 1890 2935 1892 2935 1894 2935 1896 2935 1913 2924 1930 2939 1939 2948 1939 2950 1941 2950 1943 2950 1945 2952 2103 2952 2103 2847 2103 2798 2074 2783 2073 2783 2071 2783 2069 2783 2067 2783 2037 2800 2024 2805 1986 2796 1978 2796 1977 2796 1975 2796 1973 2796 1960 2807 1883 2807 1862 2792 1851 2783 1849 2783 1847 2783 1815 2783 1813 2783 1811 2783 1809 2783 1809 2785 1804 2788 1788 2803 1772 2796 1770 2796 1768 2796 1766 2796 1728 2805 1719 2796 1717 2796 1715 2796 1713 2796 1711 2796 1709 2796 1700 2802 1679 2785 1679 2783 1677 2783 1676 2783 1629 2783 1629 2847"/></Shape>
	    <String CONTENT="bario le macon"
                    HPOS="1629"
                    VPOS="2783"
                    WIDTH="474"
                    HEIGHT="169"
                    WC="0.94551466192518"></String>
          </TextLine>

          
        </TextBlock>
        
        <TextBlock HPOS="3984"
                   VPOS="293"
                   WIDTH="96"
                   HEIGHT="66"
                   ID="eSc_textblock_f471b681"
                   TAGREFS="BT8612">
          <Shape><Polygon POINTS="4072 300 4080 344 3999 359 3984 330 4010 293"/></Shape>
          
          
          <TextLine ID="eSc_line_d63de64a"
                    TAGREFS="LT2943"
                    BASELINE="4000 354 4075 340" 
                    HPOS="3995"
                    VPOS="293"
                    WIDTH="88"
                    HEIGHT="141">
            <Shape><Polygon POINTS="4043 296 4015 293 3995 346 3998 352 4018 434 4083 383 4074 338 4071 330 4043 296"/></Shape>
	    <String CONTENT="43"
                    HPOS="3995"
                    VPOS="293"
                    WIDTH="88"
                    HEIGHT="141"></String>
          </TextLine>

          
        </TextBlock>
        
        <TextBlock HPOS="189"
                   VPOS="939"
                   WIDTH="136"
                   HEIGHT="294"
                   ID="eSc_textblock_e738e824"
                   TAGREFS="BT8614">
          <Shape><Polygon POINTS="189 939 189 1233 325 1233 325 939"/></Shape>
          
        </TextBlock>
        

        
      </PrintSpace>
    </Page>
  </Layout>
</alto>
