3315 2500
584.0 348.0 769.0 100.0 AItera nil obstat chois tibi pene uidere est

586.0 431.0 826.0 63.0 Ut nudam ne crure malo. ne sit pede turpi

584.0 481.0 701.0 60.0 Metiri possis oculo latus an tibi mauis

584.0 527.0 683.0 56.0 Insidias fieri preciumq auellier ante

577.0 569.0 863.0 68.0 Quam mercem ostendi. leporem uenator ut alta

580.0 619.0 769.0 60.0 In niue sectatur. positum sic tangere nolit

582.0 665.0 857.0 57.0 Cantat et apponit, meus ẽ amor huic similis: nã

575.0 713.0 861.0 64.0 Transuolat in medio pͦsita. & fugientia captat:

582.0 761.0 796.0 64.0 Hiscine uersiculis speras tibi posse dolores.

583.0 812.0 770.0 61.0 Atq estus curasq graues e pectore pelli :

582.0 858.0 868.0 62.0 Nonne cupidinibus statuit natura modum quem

582.0 906.0 832.0 59.0 Quid latura sibi quid sit dolitura negatum.

583.0 952.0 857.0 68.0 Querere plus prodest. & mane abscindere soldo.

586.0 1006.0 756.0 55.0 Num tibi cum fauces urit sitis: aurea queris

582.0 1052.0 828.0 60.0 Pocula: num esuriens fastidis omnia: preter

586.0 1097.0 876.0 59.0 Pauonem: rombumq: tument tͥ cũ inguina. nũ si

582.0 1143.0 886.0 61.0 Ancilla aut urna est presto puer impetus in quem

582.0 1195.0 700.0 60.0 Continuo fiat, malis tintigine rumpi:

583.0 1238.0 918.0 63.0 Non ego: namq parabilem amo uenerem. facilẽq

580.0 1288.0 832.0 60.0 Illam post paulo s pluris, si exierit uir.

582.0 1334.0 887.0 63.0 Gallis hanc filodemus ait. sibique neq magno

584.0 1386.0 835.0 52.0 Stet pretio neq cunctetur cũ est iussa uenire.

584.0 1427.0 910.0 70.0 Candida rectaq sit: munda hactenus. ut neq longa.

584.0 1480.0 778.0 60.0 Nec magis alba uelit quam dat natura uideri

586.0 1529.0 736.0 61.0 Hec ubi supposuit dextro corpus mihi leuum

584.0 1576.0 726.0 62.0 Ilya: et egeria est do nomen quodlibet illi.

589.0 1627.0 746.0 52.0 Nec uereor. nedum futuo. uir rure recurrat.

587.0 1672.0 752.0 62.0 Ianua frangatur. latret canis. undiq magno

590.0 1716.0 788.0 65.0 Pulsa domus strepitu resonet ne pallida lecto

587.0 1766.0 759.0 54.0 Dissiliat mulier. miseram se conscia clamet.

587.0 1812.0 835.0 65.0 Cruribus hec metuat. doti deprensa egomet. mi

587.0 1861.0 752.0 75.0 Discinta tunica fugiendum est. ac pede nudo.

1753.0 337.0 768.0 89.0 Ne nummi pereant aut piga aut deniq fama

1749.0 409.0 787.0 61.0 Deprendi miserum est fabio uel iudice uincam.

1822 458 663 61 De hermogene tigellio modulatore

1821 497 787 69 OMnibus hoc uicium est cantoribus inter amicos

1817.0 556.0 832.0 66.0 Ut nũquam iudicant animum cantare rogati

1746.0 598.0 756.0 64.0 Iniussi nũquam desistant. sardus habebat

1745.0 654.0 733.0 61.0 Ille tigellius hoc. cęsar qui cogere posset

1746.0 704.0 824.0 55.0 Si peteret ꝑ amicitiam patris: atq suam. nõ

1745.0 747.0 741.0 59.0 Quicquam proficeret si colibuisset. ab ouo

1749.0 795.0 761.0 52.0 Usq ad mala citaret. io bachę mõ summa

1747.0 843.0 913.0 58.0 Uoce modo hac resonet que cordis quattuor una

1749.0 891.0 761.0 60.0 Nil equale homini fuit illi: sepe uelut qui

1746.0 938.0 789.0 64.0 Currebat fugiens hostem. persępe uel ut qui

1746.0 990.0 793.0 50.0 Iunonis sacra ferret habebat sepe ducentos

1749.0 1034.0 856.0 59.0 Sępe decem seruos. modo reges: atq tetrarchas.

1746.0 1083.0 903.0 62.0 Omnia magna loquens: mõ sit mihi mensa tripes: et

1746.0 1129.0 828.0 59.0 Conca salis puri. & toga quę defendere frigus

1747.0 1179.0 808.0 50.0 Quamuis crassa queat. decies centena dedisses

1747.0 1229.0 792.0 58.0 Huic parco paucis contento: quinq diebus

1749.0 1277.0 804.0 52.0 Nil erat in loculis. noctes uigilabat ad ipsum

1747.0 1325.0 835.0 48.0 Mane. diem totum stertebat. nil fuit unquam

1746.0 1372.0 884.0 55.0 Sic impar sibi. nunc aliquis dicat mihi. quid tu :

1747.0 1422.0 906.0 48.0 Nulla ne habes uicia : immo alia. & fortasse minora

1746.0 1473.0 857.0 46.0 Menius absentem nouium cum carperet. heus tu

1746.0 1519.0 916.0 57.0 Quidam ait. ignoras te: an ut ignotum dare nobis

1745.0 1568.0 847.0 59.0 Uerba putas: egomet ignosco menius inquit.

1747.0 1612.0 853.0 63.0 Stultus & improbus. hic amor ẽ dignusq notari

1743.0 1661.0 834.0 58.0 Cum tua peruideas oculis mala lippus inunctis.

1743.0 1718.0 739.0 41.0 Cur in amicorum uitiis tam cernis acutum

1745.0 1755.0 879.0 56.0 Quam aut aquila aut serpens epidaurius: at tͥ contra

1745.0 1804.0 812.0 55.0 Euenit inquirant uicia ut tua rursus & illi.

1745.0 1850.0 691.0 91.0 Iracundior paulominus aptus acutis

1716 535 90 106 O
