1613 2500
406 83 696 60 Heu nimium felix. ęterno nomine lesbos.

408 125 744 58 Siue doces popłos. regesq. admittere magnũ.

404 168 763 57 Seu p̾stas mͥ sola fidem: nc̃ querere certũ ÷.

400 214 706 69 Fas quib. in t̾ris: ubi sit scelus: accipe num̃

398 258 766 71 Siquid adhuc metũ ÷ uotorũ extrema meorũ:

393 306 724 71 Da similes lesbo popłos. qui marte subactũ

395 364 676 58 Non intrare suos infesto cesare portus

395 406 671 64 Non exire uetent: dix̃ mestãq. carinę

393 447 717 65 Imposuit comitẽ: cunctos mutare putares

391 497 644 55 Tellurẽ patrięq. solũ. sic litore toto

391 541 786 63 Plangit̾. infestę tenduntur in ethera dextrę:

385 583 675 52 Pompeiumq. minꝰ. cuiꝰ fortuna dolorem

395 620 607 67 Mouerat. ast illã quã toto tꝑe belli

395 666 692 52 Ut ciuem uidere suã discedere cernens.

398 706 631 73 Ingemuit popłs. ꝗuis si castra mariti

395 752 697 70 Uictoris peter&. siccis dimittere matres

398 804 685 68 Non pot̾ant oculis tanto deuinx̃ amore

395 850 742 75 Hos pudor. hos ꝓbitas. castiq. modestia uultꝰ.

393 900 724 68 Qđ sũmissa nimis. nulli grauis hospita t̾rę

391 947 698 67 Stantis ad huc fati. uix̃ quasi c̃iuge uicto:

395 991 722 65 Iam pelago titan medios demissus ad ignes.

389 1033 732 73 Nec quib. abscondit nec si quib. exerit orbẽ

389 1085 682 50 Totus erat. uigiles pompei pectore curę.

381 1114 692 77 Nc̃ socias adeunt romani foederis urbes.

383 1166 681 73 Et uarias regũ mentes. nc̃ inuia mundi

385 1220 696 80 Arua suꝑ nimios soles austrũq. iacentem:

385 1272 700 71 Sepe labor mestus curarũ. odiumq. futuri.

385 1314 652 73 Proiecit fessos incerti pectoris estus:

409 1362 710 61 Rectorẽ q. nauis de cunctis consulit astris.

387 1408 671 58 Unde not& t̾ras. quę sit m̃sura secandi

383 1451 672 68 Aequoris in cęlo: siriã quo sẏđe seru&.

375 1495 775 77 Aut quotꝰ in plaustro lẏbiã bene dirigat ignis:

379 1539 681 67 Doctꝰ ad hec fatur taciti seruator olẏmpi:

373 1583 673 73 Signifero quęcũq. fluunt labentia cęlo

381 1629 679 68 Nunꝗ stante polo. miseros fallentia nautas

381 1685 629 58 Sẏđa ñ sequimͬ: sed qͥ ñ mergit̾ undis

387 1729 668 62 Axis in occidius. gemina clarissimꝰ arcto

387 1772 665 65 Ille regit puppes: hic cũ mͥ semꝑ in altũ

389 1829 744 56 Surg&. ⁊ instabit sũmis minor ursa ceruchis.

385 1870 717 69 Bosphoron. & scitię curuantẽ litora pontũ

387 1916 734 67 Spectamꝰ: quicquid descendit ab arbore sũma

389 1972 773 67 Arctophẏlax. ꝓpͥorq. mari cẏnosura feretur.

393 2016 769 71 In sẏrię portꝰ tend& ratis: inde canopos

389 2064 617 63 Excipit. australi celo c̃tenta uagari

391 2114 726 92 Stella timens borean. illa ꝗꝗ ꝑge sinistra.
