1591 2500
266 87 557 67 Pompeio uiuente uidet; tam̃ om̃a

917 123 107 40 passo.

262 129 547 64 Postꝗ clara dies pharsalica dãp

915 145 191 60 na retex̃.

264 177 588 68 Nulla loci facies reuocat. feralibus

921 195 118 50 aruis

262 220 597 73 Herentes oculos. cernit ꝓpulsa cru

914 236 85 64 ore

262 264 609 81 Flumina & excelsos cumulis ęquan

905 286 159 61 tia colles

258 331 774 69 Corpora. sidentis in tabẽ expectat aceruos

256 375 749 72 Et magni numerat popłos. epulis q: parat̾

254 416 646 75 Ille locꝰ. uultꝰ ex qͦ faciesq. iacentũ

256 470 703 71 Agnoscat; iuuat emathiã ñ cernere t̾rã

254 518 744 67 Et lustrare oculis cãpos sub clade latentes.

252 558 669 73 Fortunã suꝑosq. suos in sanguine cernit;

252 612 707 67 Ac ne leta furens scelerũ spectacula ꝑdat.

254 660 682 62 Inuid& igne rogi miseris. cęloq. nocenti

252 697 719 84 Ingerit emathẏã; ñ illũ poenus humator

248 754 704 77 Consulis & lẏbica succensae lãpade cannę

241 810 691 65 Cõpellunt. hominũ ritus ut seruet in hoste

241 858 636 69 Sed meminit ñdũ satiata cedib. ira.

241 910 597 58 Ciues eẽ suos. petimꝰ ñ singła busta

241 952 601 68 Discretosq. rogos. unũ da gentib. ignẽ

233 1002 619 66 Non int̾positis urant̾ corpora flãmis;

237 1039 743 77 Aut generi si poena iuuat. nemꝰ extrue pindi;

239 1093 613 63 Erige congestas oetheo robore siluas;

239 1129 755 81 Thessalicã uideat pompeius ab ęquore flãmã

233 1187 707 69 Nil agis hac ira; tabes ne cadauera soluat.

225 1227 727 73 An rogꝰ haud refert; placido natã receptat

235 1275 734 70 Cuncta sinu. finẽq. sui sibi corpora debent;

231 1327 653 70 Hos cesar popłos si nc̃ ñ usserit ignis?

235 1370 657 77 Ur& cum t̾ris. ur& cum gurgite ponti;

235 1420 651 73 Cõmunis mundo suꝑ÷ rogꝰ ossib. astra

229 1466 648 84 Mixturꝰ; quocũq. tuã fortuna lͧocabit

231 1514 703 83 He ꝗꝗ eᷤunt animae; ñ altius ibis in auras.

223 1562 690 85 Non meliore loco. stẏgia sub nocte latebis.

229 1610 630 79 Lib̃a fortuna mors ÷; capit om̃a tellus

223 1660 763 87 Quę genuit; cęlo tegit̾ qui non habet urnã;

227 1708 742 85 Tu cui dant poenas inhumato funere gentes

229 1754 888 102 Quid fugis hanc cladem? quid olentes deseris agros?

225 1810 723 94 Has trahe cesar aquas; si potes utere cęlo;

225 1860 663 90 Sed tͥ tabentes popłi pharsalica rura

225 1906 702 91 Eripiunt; cãposq. tenent uictore fugato;

216 1964 711 81 Non solũ emonii funesta ad pabula belli

214 2002 665 89 Bistonii uenere lupi; tabemq. cruentę

212 2052 672 91 Cedis odorati. pholoen liquere leones;

212 2097 632 96 Tc̃ ursi latebras. obsceni. tecta domꝰq.

212 2156 709 85 Deseruere canes. ⁊ quicquid nare sagaci

223 2209 676 88 Aera ñ sanũ motũq. cadauere sentit;

1367 118 59 82 64
