1647 2500
165.0 193.0 563.0 79.0 uult saluos fieri & ad agnitionẽ ueri

164.0 279.0 560.0 43.0 tatis ꝑuenire. neq uult mortẽ peccato

160 312 459 60 ris. sed ut conu̾tatur & uiuat.

623 308 96 62 De ui

154 352 577 66 ris ordinatis quoꝵ occulta peccata st̃.

212 414 498 58 De uiris ordinatis quoꝵ occulta pec

157.0 456.0 547.0 62.0 cata sunt. nec manifeste ab aliquo

159.0 504.0 556.0 62.0 argui possunt. si salubrit̾ cõpuncti pro

155.0 552.0 548.0 64.0 peccatis suis confessionẽ ep̃o sine prƀo

150.0 600.0 596.0 63.0 occulte faciunt. bonũ mͥ uidetur: ut scđm

147.0 648.0 591.0 57.0 id quod sibi decretũ fuerit ab ep̃o siue pres

144.0 695.0 555.0 63.0 bitero penitentiã agant. non trepide

143.0 743.0 549.0 59.0 nec tarde. sed feruenter & sollicite. ac

140.0 798.0 561.0 53.0 sic se ueniam peccatoꝵ a dño ꝑcepturos

141 839 467 58 & gradũ se recenturos confidant.

610 833 103 77 De illa

141 886 544 59 femina que menstruosũ sanguinẽ &

141 938 567 55 sem̃ uiri sui. & testã hominis cõbusserit.

135 981 582 69 & hec omĩa uiro suo ad potandũ deđit.

195.0 1030.0 494.0 67.0 De his eciã suꝑ qͥb int̾rogasti. hoc ẽ

129.0 1081.0 556.0 64.0 de illa femina que menstruosũ

134.0 1140.0 560.0 61.0 sanguinem immiscuit cibo uł potui &

133.0 1180.0 566.0 60.0 dedit uiro suo ut comederet. & de il

130.0 1226.0 564.0 65.0 ma que sem̃ uiri sui in potu bibit. & de

130.0 1280.0 577.0 64.0 ea que testã hominis cõbussit igni & ui

130.0 1329.0 573.0 58.0 ro suo dedit ꝓ infirmitate uitanda. qͣli

134.0 1377.0 573.0 64.0 penitentia sint plectende ut nobis uide

134.0 1426.0 542.0 65.0 tur tali sententia sunt feriende. sicut

136.0 1476.0 560.0 60.0 magi & arioli. qͥa magicã artẽ exercuis

133.0 1522.0 556.0 61.0 se noscuntur. Nam de his qui magicã

130.0 1570.0 578.0 63.0 artem exercuisse noscuntur. & qui augu

130.0 1622.0 574.0 54.0 ria attendunt. & diuinationes obseruãt.

130.0 1673.0 557.0 60.0 theodori archiep̃i gentis angloꝵ consti

129.0 1716.0 556.0 60.0 tutiones habemus. in quib scriptũ est

129.0 1763.0 552.0 64.0 Qui immolat demoniis in minimis: i.

129.0 1809.0 539.0 61.0 anno peniteat. Qui uͦ in magnis: x.

137 1858 232 56 annos peniteat .

371 1856 323 58 Ut nullus alius p̾su

134 1905 548 72 mat penitentiã dare. uł confessionẽ

137 1955 430 79 audire. nisi ep̃c aut presbit̾.

195.0 2008.0 456.0 80.0 Sicut enĩ sacrificiũ offerre non de

765 312 39 83 uii

735 337 88 88 cxxx.

710 408 115 69 ex concił

715 439 112 52 toletano

818.0 197.0 576.0 91.0 bent nisi ep̃i & prƀi quib claues reg

817.0 290.0 577.0 43.0 ni celestis tradite sunt: sic nec peniten

817.0 315.0 528.0 68.0 tium indicia alii usurpare debent.

827 358 277 71 Item ex eodem.

883 389 492 90 Si aut̃ necessitas euenerit. & pƀr

818.0 454.0 580.0 79.0 Enon fuerit p̾iens. diaconus suscipiãt

804 516 461 61 penitentẽ ad scãm cõmunionẽ.

1269 508 131 71 De tem

807 558 585 73 porib quib se continere debeant con

807 613 314 56 uigati ab uxoribus.

804 645 563 80 In tribus quadragesimis anni. & in die

796 706 567 62 dnĩco & in. iiiiͣ. &. uiͣ. feria coniugales

797.0 752.0 601.0 67.0 continere se debent. nec illis dieb copu

796.0 798.0 588.0 67.0 lari. quãdiu grauata fuerit uxor. id est

792.0 845.0 582.0 66.0 a quo die filius in utero motũ fec̾it usq

792.0 893.0 586.0 63.0 ad partũ. a partu post .xxxiii. dies si fi

792 939 490 69 lius est. Si aut̃ filia: post. L.ui.

1284 941 91 61 De fe

800 985 573 79 mina que sponte filiũ suũ occiderit. cxlii.

861 1041 504 59 Si mat̾ filiũ suũ sponte occiđit.

854 1091 534 61 xu. annos peniteat. & nũquã mu

786.0 1130.0 574.0 68.0 tet. nisi die dnĩco. Mulier aut̃ pauꝑ

782.0 1181.0 592.0 64.0 cula si fecerit. ꝓ disficultate nutriendi.

779 1239 303 58 ui annos peniteat.

1082 1233 279 71 De illis qui in die

782 1281 300 63 dnĩco nupserint.

856 1320 484 80 Si quis nupserit die dnĩco. petat

852 1372 492 73 a deo indulgentiã. & .iiiͦiͬ. dies pe

796 1431 100 62 niteat.

900 1422 438 75 De illis qͥ confessa iterantur.

792 1472 540 73 Ea que frequenti p̾uaricatione iterã

783.0 1525.0 562.0 70.0 tur. frequenti sententia condempnã

773 1575 73 64 tur.

844 1577 486 70 De penttentia fideliũ. ut confessio

772 1619 296 60 eoꝵ ñ publice fiat.

767 1670 554 71 Illam etiã contra apłicam regulam p̾sũ

765 1714 544 75 ptionẽ quã nuꝑ agnoui. a quibdam

773 1768 563 69 illicita usurpatione cõmitti. modis om

773 1808 571 69 nib constitutio sũmoueri. De penten-

773 1864 552 65 tia scilicet que a fidelib postulatur:

773 1912 555 69 ne de singuloꝵ genere peccatoꝵ libel

788 1960 542 69 lis seripta ꝓfessio publice reticetur. con

783 2014 557 81 scientiarũ sufficiat solis sacerdotib in

746 960 46 50 uiii

715 993 79 50 cxxx.

694 1029 81 48 ex eođ

696 1056 83 41 concił

692 1083 112 64 cap̃. xuii.

1389.0 380.0 67.0 49.0 cxl.

1392 416 115 59 ex eodẽ.

1382.0 605.0 94.0 71.0 cxli.

1373 662 130 56 ex concił

1373 697 134 63 heliƀtano

1375 958 115 100 cxxx.

1371 1043 123 98 ex eodẽ

1346.0 1286.0 123.0 59.0 cxliii.

1340 1335 125 50 Ex concił

1348 1364 140 56 triburiensi

1344 1400 123 60 capł. Li.

1340 1443 125 50 cxliiii.

1334 1479 142 52 Ex concilio

1338 1520 117 44 toletano.

662 1929 126 98 cxxxix

665 2010 110 90 ex penit̃

669 2041 110 59 Romano

1323 1629 111 64 cxlu.

1325 1677 94 56 ex epła

1332 1719 85 42 Leonis.

1325 1745 92 65 capł. ii.
