1678 2500
162 170 433 102 sam celebrare non audeat.

233 260 481 67 ecretũ est etiã in eodẽ concilio ut p̃s

223 312 506 67 biter aliquis qui post galli cantũ est

161.0 361.0 561.0 66.0 ius noctib bibens ꝓximo die missam ñ

159.0 405.0 588.0 67.0 celebret. hiemantib similit̾. nisi necessitas

156 462 104 69 cogat

262 460 465 60 Ut presbit̾ non ampliꝰ quã .iii.

158 505 358 64 missas in die celebret.

152 556 560 62 Item decretũ est. ut unusqͥsq presbit̾ in

150.0 608.0 570.0 53.0 die non ampliꝰ quã tres missas celebrare

150 650 131 66 p̾sumat.

281 650 436 64 Ut nemo corporale ad extin

152 695 509 61 guendũ incendiũ in ignẽ ꝓiciat.

150 741 554 65 Conquestũ est etiã in scõ concilio de qͥ

143.0 794.0 584.0 64.0 busdã stultissimis presbit̾is. ut quãdo

144.0 841.0 582.0 65.0 incendiũ uideant. corporale dnĩco corpore

143.0 893.0 564.0 58.0 consecratũ. ad extinguendũ incendiũ

144.0 943.0 557.0 55.0 temeraria p̾sũptione in ignẽ ꝓiciant.

143.0 986.0 572.0 69.0 Ideoq decretũ est sub anathematis in

137 1039 409 63 terdictione. ne ulterius fiat.

546 1035 156 60 De hoc si

144 1088 558 62 duo inculpati fuerint in adulterio.

144 1137 561 60 & unus negat. alter ꝓfitetur. qͥd inde

143 1180 220 60 agendum sit.

141 1227 534 64 Interrogatũ est si duo in adulterio in

137.0 1277.0 579.0 63.0 culpati fuerint & unus ꝑfiteretur & al

143.0 1329.0 570.0 66.0 ter negaret: qͥd inde agendũ esset. De-

145.0 1379.0 548.0 61.0 cretum est etiã a scõ concilio. ut ille qͥ

143.0 1431.0 555.0 59.0 negau̾it ꝓbabili iudicio se expurget.

141.0 1470.0 545.0 67.0 Et qͥ ꝓfessus fuerit: digne penitentiã

139 1518 88 59 agat.

229 1520 492 57 Ut nemo gladiũ in eccła portet.

191 1562 509 60 ecretũ est etiã in eodem concilio ut

191 1618 515 59 nemo gladiũ in eccłam portet. re

137 1660 286 69 gali tantũ excepto.

427 1662 273 71 Ne mala colloqͥa

137 1712 496 69 in eccła aut in atrio eccłe fiant.

185 1756 519 62 Statuit etiã scã synodus ut mala con

162.0 1805.0 521.0 57.0 suetudo que apud om̃s pene iam

136.0 1855.0 566.0 63.0 moleuit om̃ino ꝓhibeatur. hoc est qđ

140.0 1905.0 573.0 64.0 colloquia sua in atrio alicuiꝰ eccłe consti

138.0 1956.0 550.0 70.0 tuunt habenda. & tunc eam in ipsa

137.0 2009.0 561.0 81.0 maxime exercent eccła. ubi orationes

723 266 85 61 cxlix.

731 308 71 75 ex eođ.

820.0 201.0 560.0 72.0 & diuina tantũ fieri equũ est officia.

835 260 530 73 De euangłłio. In pͥncipio erat u̾bũ. &

810 316 642 56 missis peculiarib. ne fiant nͥ suis temꝑib.

892 364 494 67 Quidã etiã laicoꝵ & maxime matro

940 414 437 58 ne habent in consuetudine ut

822.0 456.0 554.0 67.0 ꝑ singulos dies audiant euangłm. In

815.0 509.0 594.0 57.0 principio erat u̾bũ. & missas peculiares.

821 554 588 66 hoc est de scã trinitate. aut dle scõ micha

813.0 600.0 589.0 65.0 ele: & ideo sanccitũ est in eodẽ concilio.

813.0 651.0 574.0 60.0 ut hoc ulterius non fiat nͥ suo tempore.

819 697 573 63 & nͥ aliquis fideliũ audire uelit ꝓ reueren

815 743 581 69 tia sc̃e trinitatis. non ꝓ aliqua diuinati

809.0 802.0 589.0 46.0 one. Et si uoluerint ut sibi misse canten

804.0 843.0 576.0 65.0 tur. de eodem die audiant missas. uł

802 893 469 63 ꝑ salute uiuoꝵ. aut ꝓ defunctis.

1271 895 144 55 De cõpu

804 941 411 59 tatione consanguinitatis.

858 987 649 63 Quidã etiã generationẽ consanguini

908 1041 459 63 tatis ita uolunt numerare. ut

798.0 1087.0 599.0 63.0 frater & soror sint pͥmi. hoc aut̃ statuit

795.0 1138.0 589.0 55.0 scã synodus. sicut etiã ab antiqͥs patrib

798 1172 575 65 decretũ est: ut ita non esset. sed ut ne

804 1231 582 62 pos & neꝑtis. id est filiꝰ fratris ac filia so

796 1279 315 66 roris pͥmi habeantur.

1121 1275 267 64 Ut edificia laicoꝵ

797 1331 461 56 in atrio eccłe non ponantur.

854 1377 492 64 Statutũ est etiã ut edificia laicoꝵ

798.0 1416.0 582.0 67.0 que eccłiis adiuncta sunt auferant᷑.

784.0 1470.0 589.0 67.0 & nulla in atrio eccłe ponantur. nͥ tan

812 1518 226 65 tũ presbiteroꝵ.

1038 1522 346 61 Ut nullus laieus pƀro

802 1566 590 59 eccłam suã cõmendet. sine licentia epĩ.

792 1614 573 65 Item decretũ est. ut nullus laicoꝵ alicui ex eođ.

791.0 1665.0 564.0 64.0 presbitero suã cõmendet eccłam p̾ter

796 1712 571 65 consensũ ep̃i. sed eũ pͥus mittat suo ep̃o.

806 1766 563 56 uel eiꝰ uicario : ut ꝓbetur scientia. etate.

787.0 1805.0 596.0 58.0 & morib talis sit: ut sibi popłs dei cõm̃

787 1850 111 62 detur.

900 1852 463 64 Si duo de adulterio accusati

790 1901 493 65 fuerint. qͥd inde faciendũ sit.

848 1952 488 73 Statuit quoq scã synodiis si duo

786.0 2001.0 610.0 78.0 de adulterio accusati fuerint. & am

709 511 59 55 cl.

712 535 105 85 ex eođ.

717 681 83 77 cli.

714 745 84 65 ex eođ.

698 1158 87 75 clii.

694 1229 89 85 ex eođ.

1390 362 85 54 clu.

1392 402 102 83 ex eođ.

1394 925 115 75 clui.

721 1512 89 71 clui.

702 1564 90 77 ex eođ.

692 1708 102 69 cliiii.

710 1760 94 73 ex eođ

1362 1327 135 61 cluii.

1354 1362 117 94 ex eođ.

1400 1545 132 80 cluiii.

1382 1610 114 75 ex eođ.

1357 1906 115 64 clix.

1365 1954 106 54 ex eođ.
